3096 5092
541 294 563 343 C
564 292 756 342 OMMENDA
763 293 824 342 TIO
839 291 1000 342 ANIMAE.

415 426 475 489 119

186 521 309 586 Sancte
325 521 474 603 philippe
491 521 658 583 intercede
681 540 742 602 pro

142 629 255 671 amma
273 629 351 671 erus

187 696 322 758 ¹Sancte
338 693 566 757 bartholomee
576 694 742 756 intercede

143 803 203 863 pro
219 782 331 843 anima
346 783 437 843 eius.¹

188 868 311 931 Sancte
335 867 468 930 mathee
491 868 658 930 intercede
682 886 743 948 pro

142 956 255 1017 anima
274 956 352 1016 eius,

187 1041 310 1105 Sancte
340 1042 456 1103 thoma
486 1041 653 1103 intercede
685 1060 745 1120 pro

143 1130 256 1190 anima
276 1129 353 1190 eius

190 1215 313 1278 Sancte
347 1214 462 1277 iacobe
495 1214 661 1277 intercede
684 1234 744 1294 pro

146 1303 258 1364 anima
276 1303 353 1364 eius.

191 1387 314 1452 Sancte
344 1409 463 1470 symon
495 1388 662 1451 intercede
685 1407 745 1468 pro

145 1477 256 1538 anima
279 1477 357 1538 eius

191 1562 314 1625 Sancte
329 1562 474 1625 thaddee
497 1561 663 1624 intercede
686 1580 747 1642 pro

148 1650 259 1711 anima
278 1650 355 1711 eius,

192 1736 314 1799 Sancte
345 1735 471 1798 mathia
498 1735 664 1797 intercede
687 1753 748 1815 pro

146 1823 258 1885 anima
278 1825 357 1884 eius,

193 1910 316 1972 Sancte
331 1908 479 1970 barnaba
496 1907 663 1970 intercede
686 1927 746 1988 pro

148 1996 260 2057 anima
279 1997 355 2056 eius.

193 2082 315 2144 Sancte
352 2101 460 2143 marce
499 2081 665 2143 intercede
688 2101 748 2163 pro

149 2169 262 2230 anima
280 2169 356 2229 eius,

194 2254 317 2319 Sancte
355 2255 429 2317 luca
476 2255 643 2317 intercede
687 2275 748 2336 pro

149 2343 261 2404 anima
281 2343 358 2403 eius.

195 2428 321 2492 Omnes
337 2429 443 2490 sancti
459 2428 601 2510 apostoli
612 2429 749 2489 interce-

151 2515 220 2578 dite
236 2535 296 2596 pro
313 2516 424 2576 anima
440 2516 517 2577 eius,

195 2601 318 2665 Sancte
327 2600 502 2682 stephane2
512 2602 678 2664 intercede
691 2621 751 2682 pro

150 2690 263 2751 anima
282 2692 359 2750 eius,

194 2773 332 2858 lSancte
347 2775 493 2838 clemens
509 2774 654 2856 inter-[p.
679 2790 749 2837 212.

152 2861 233 2924 cede
250 2883 308 2943 pro
325 2864 438 2924 anima
454 2864 533 2924 eius.

197 2947 321 3012 Sancte
337 2948 476 3011 laurenti
501 2948 667 3012 intercede
690 2969 750 3030 pro

152 3037 264 3098 anima
284 3037 361 3097 eius,

198 3121 322 3185 Sancte
339 3120 497 3206 [thoma]³
508 3122 676 3184 intercede
692 3142 751 3203 pro

154 3229 265 3270 amma
283 3229 362 3270 erus

200 3294 327 3357 Omnes
343 3296 447 3357 sancti
465 3305 626 3376 martyres
653 3296 750 3356 inter-

154 3382 262 3444 cedite
279 3402 338 3463 pro
354 3383 465 3443 anima
481 3383 557 3444 eius

200 3467 322 3532 Sancte
338 3468 489 3530 siluester
504 3469 671 3531 intercede
693 3489 754 3550 pro

155 3557 267 3617 anima
288 3556 365 3618 eius

200 3641 324 3706 Sancte
341 3643 482 3704 martine
505 3643 672 3705 intercede
695 3662 755 3723 pro

156 3731 267 3791 anima
288 3730 366 3791 eius.

200 3816 337 3879 ⁴Sancte
376 3817 538 3897 ecguuine
587 3815 756 3878 intercede

157 3923 218 3984 pro
234 3905 345 3965 anima
361 3904 438 3965 eius

203 3989 326 4053 Sancte
357 3989 469 4052 odulfe
500 3988 667 4051 intercede
697 4008 758 4070 pro

157 4077 270 4138 anima
291 4079 368 4139 eius,

190 4182 241 4222 ¹—¹
248 4188 344 4236 ,Added
353 4186 379 4236 in
386 4186 483 4250 margin
493 4187 609 4250 (perhaps
617 4185 760 4250 byoriginal

157 4252 273 4367 hallllls.
288 4317 428 4381 sstephane.

191 4380 201 4412 ³
221 4383 319 4432 Blotted
331 4382 381 4430 and
393 4380 474 4444 partly
485 4382 578 4430 erased.

192 4447 202 4478 ⁴
220 4449 260 4496 “ii
269 4447 282 4468 ’'
295 4448 321 4495 in
332 4447 429 4511 margin
439 4447 511 4504 (later
522 4447 608 4507 hand).

1057 422 1124 482 120

835 520 958 585 Sancte
969 519 1156 582 benedicte
1166 514 1348 581 intercede
1356 534 1403 598 pro

791 609 903 671 anima
923 608 1000 669 eius.

835 694 959 759 Sancte
981 712 1097 755 maure
1139 690 1333 759 intercede¹
1358 710 1405 771 pro

791 783 904 844 anima
924 782 1001 842 eius.

835 868 958 933 Sancte
973 866 1118 929 credane
1146 866 1407 945 intercedepro

792 956 901 1018 anima
922 955 999 1016 eius.

837 1041 965 1105 Omnes
981 1040 1089 1102 sancti
1114 1038 1347 1102 confessores
1367 1039 1408 1099 in·

792 1129 951 1191 tercedite
967 1147 1026 1209 pro
1042 1127 1163 1188 anima
1182 1128 1273 1190 eius.

837 1215 962 1280 Sancta
972 1214 1075 1275 maria
1086 1212 1308 1295 magdalene
1319 1213 1409 1274 inter-

794 1303 875 1364 cede
891 1322 951 1383 pro
967 1301 1078 1363 anima
1099 1300 1185 1363 eius

839 1387 964 1452 Sancta
981 1386 1119 1450 felicitas
1145 1385 1335 1449 intercede
1356 1404 1407 1467 pro

794 1476 906 1537 anima
924 1476 1003 1537 eius·

840 1561 965 1626 Sancta
980 1570 1142 1643 perpetua
1160 1561 1345 1624 intercede
1356 1578 1408 1641 pro

795 1650 907 1710 anima
929 1649 1007 1710 eius.

840 1734 965 1799 Sancta
1009 1731 1189 1795 scolastica
1238 1733 1407 1796 intercede

796 1842 857 1904 pro
872 1823 984 1883 anima
999 1821 1077 1882 eius

841 1908 968 1972 Omnes
990 1916 1105 1969 sancte
1129 1904 1286 1988 uirgines
1312 1907 1404 1968 inter-

797 1996 905 2057 cedite
921 2015 980 2076 pro
996 1995 1107 2055 anima
1122 1993 1205 2054 eius.

842 2081 970 2145 Omnes
997 2080 1102 2142 sancti
1119 2080 1326 2142 intercedite
1348 2098 1403 2161 pro

798 2170 909 2231 anima
930 2169 1007 2230 eius.

842 2254 981 2329 (Omnia
997 2253 1132 2334 agmina
1147 2272 1245 2315 sanc·
1272 2250 1320 2338 [p.
1338 2268 1402 2330 213.

798 2351 907 2405 torum
953 2340 1147 2404 intercedite
1184 2360 1249 2421 pro
1297 2340 1404 2402 anima

799 2430 877 2491 eius.

843 2515 971 2579 Omnes
988 2512 1093 2576 sancti
1106 2513 1298 2594 patriarche
1309 2515 1402 2575 inter·

799 2603 907 2664 cedite
923 2622 983 2682 pro
999 2601 1110 2662 anima
1125 2600 1205 2663 eius.

844 2688 971 2752 Omnes
987 2688 1092 2749 sancti
1119 2685 1287 2768 prophete
1309 2687 1403 2749 inter·

800 2777 908 2838 cedite
924 2795 984 2856 pro
1000 2775 1112 2836 anima
1127 2774 1205 2835 eius.

844 2862 973 2926 Omnes
988 2861 1094 2923 sancti
1119 2860 1280 2922 monachi
1307 2861 1403 2923 inter·

800 2950 908 3012 cedite
924 2969 984 3030 pro
1000 2948 1112 3009 anima
1128 2948 1206 3010 eius

846 3036 1015 3116 Propicius
1027 3044 1107 3096 esto
1119 3053 1218 3116 parce
1228 3043 1263 3096 et
1273 3034 1404 3097 dimitte

801 3124 830 3185 ei
848 3131 984 3205 peccata
1000 3141 1059 3183 sua
1074 3121 1220 3183 domine.

847 3210 1018 3290 Propicius
1055 3219 1136 3269 esto
1175 3207 1251 3269 dele
1289 3226 1405 3269 omnes

802 3297 993 3377 iniquitates
1009 3296 1079 3356 eius
1094 3293 1239 3357 domine.

849 3383 1018 3463 Propicius
1034 3391 1113 3443 esto.
1131 3380 1235 3442 libera
1248 3389 1283 3443 et
1294 3380 1407 3443 defen·

803 3471 846 3532 de
862 3471 1008 3531 animam
1024 3469 1093 3529 eius
1110 3468 1254 3530 domine.

848 3556 906 3618 Ab
921 3556 1012 3618 omni
1029 3554 1117 3616 malo
1133 3553 1236 3616 libera
1260 3554 1409 3617 animam

807 3645 876 3706 eius
893 3643 1035 3705 domine.

851 3729 908 3791 Ab
924 3729 1019 3791 hoste
1035 3726 1124 3790 malo
1140 3727 1244 3789 libera
1260 3727 1411 3791 animam

808 3819 877 3880 eius
894 3816 1036 3878 domine.

852 3905 886 3965 A
910 3903 1035 3983 laqueis
1063 3899 1187 3963 diaboli
1213 3899 1320 3964 libera
1343 3901 1414 3965 ani-

809 4011 898 4053 mam
916 3991 985 4051 eius
1003 3989 1145 4052 domine.

852 4077 885 4138 A
902 4086 996 4157 peste
1011 4077 1191 4138 demonum
1208 4085 1243 4136 et
1258 4095 1280 4136 a
1292 4075 1416 4139 timore

808 4164 1015 4227 inimicorum
1040 4162 1142 4224 libera
1168 4161 1320 4224 animam
1343 4163 1417 4227 eius

809 4252 952 4315 domine.

854 4338 910 4400 Ab
941 4336 1067 4398 insidiis
1090 4333 1356 4417 malignancium
1380 4336 1419 4400 li·

811 4425 889 4507 bera
906 4425 1052 4486 animam
1069 4423 1139 4484 eius
1155 4421 1304 4486 domine.
