3096 5092
635 1203 983 1290 CONTENTS.

248 1445 349 1496 Preface
481 1480 509 1498 ...
1066 1482 1082 1493 ..
1260 1442 1373 1510 ..pvii

245 1534 344 1598 Quibus
360 1534 429 1586 festis
445 1535 564 1586 interesse
575 1540 600 1585 et
611 1533 672 1599 quid
683 1534 715 1583 de
727 1532 813 1583 divino
829 1525 912 1583 officio
927 1532 1017 1583 debeat
1028 1533 1115 1584 Abbas
1126 1534 1152 1584 in
1164 1542 1287 1584 conventu

274 1625 411 1690 explere...
1267 1624 1367 1675 Coit

244 1715 288 1767 De
299 1715 381 1767 officio
392 1715 500 1766 Abbatis
511 1715 543 1765 ad
554 1714 715 1765 collationem
727 1719 752 1763 et
763 1713 796 1763 ad
807 1713 997 1778 completorium
1284 1751 1302 1775 ,‚

242 1806 423 1860 Dematutinis
774 1842 790 1854 ..
1285 1840 1303 1864 „

242 1900 283 1949 De
294 1897 391 1963 privata
402 1895 477 1945 missa
489 1895 597 1945 Abbatis
1284 1930 1301 1954 „

242 1990 283 2038 De
294 1988 403 2038 sessione
414 1985 521 2036 Abbatis
533 1985 559 2035 in
570 1985 678 2035 claustro
1075 2022 1091 2034 ..
1285 2021 1303 2045 ‚,

243 2077 405 2139 Decapitulo
1286 2113 1304 2136 ‚,

241 2171 281 2220 De
293 2167 450 2234 processione
461 2165 605 2216 dominicali

241 2260 282 2310 De
293 2258 425 2323 sollempni
436 2256 593 2322 processione
1165 2294 1181 2306 ..

241 2349 355 2412 Qualiter
368 2347 455 2397 Abbas
467 2352 598 2411 praeparet
610 2360 636 2395 se
648 2344 680 2394 ad
692 2343 793 2394 missam
1286 2384 1293 2407 ,

241 2431 407 2502 Deprandio‘
980 2471 997 2484 ..

241 2526 312 2576 Ordo
323 2527 355 2576 ad
367 2525 560 2599 catechumenos
571 2524 699 2575 faciendos
1066 2562 1071 2574 .

241 2615 523 2666 Declericisfaciendis
675 2652 680 2663 .
1286 2655 1304 2678 „

243 2706 283 2756 De
294 2705 448 2770 professione
459 2704 610 2755 novitiorum
1287 2744 1305 2768 ‚,

243 2794 540 2845 Deitatribusfaciendis
675 2831 691 2844 ..
1173 2833 1189 2846 ..
1285 2834 1292 2857 ‚

242 2885 313 2935 Ordo
325 2883 524 2949 desponsationis

242 2975 388 3027 Benedictio
400 2974 585 3040 peregrinorum
1285 3014 1303 3038 ‚,

242 3065 389 3116 Benedictio
400 3064 459 3115 novi
471 3065 542 3129 panis
773 3100 800 3112 ..
1077 3104 1092 3114 ..
1285 3104 1292 3128 ‚

241 3156 389 3206 Benedictio
400 3171 521 3205 novorum
533 3169 665 3217 pomorum
677 3153 786 3219 pirorum
978 3192 994 3203 ..
1076 3193 1081 3204 .
1162 3194 1178 3204 ..

242 3246 389 3296 Benedictio
400 3261 503 3295 uvamm
515 3244 567 3294 sive
579 3243 692 3292 fabatum

241 3335 508 3386 Benedictioalbae...
1162 3373 1177 3384 ..

242 3426 492 3476 Benedictioamitae
1161 3463 1177 3474 ..

242 3516 388 3567 Benedictio
399 3513 491 3579 cinguli
1065 3550 1080 3562 ..
1173 3552 1189 3563 ..
1284 3553 1303 3576 ‚,

242 3605 388 3655 Benedictio
399 3602 520 3668 manipuli

242 3694 389 3745 Benedictio
400 3694 479 3744 stolae

242 3783 497 3833 Benedictiocasulae
741 3817 799 3841 ,...
1283 3822 1301 3846 ,,

242 3871 533 3937 Benedictiocorporalis
1283 3913 1300 3936 ,‚

242 3963 605 4027 Benedictioadpallaisic)...
1282 4003 1301 4027 ‚‚

242 4051 388 4102 Benedictio
399 4051 431 4100 ad
442 4050 552 4100 casulam
563 4050 654 4100 stolam
666 4057 691 4099 et
702 4049 859 4114 manipulum

242 4142 372 4193 Generalis
382 4139 666 4191 benedictiondomnia
677 4146 823 4189 ornamenta
1161 4182 1177 4193 ..

242 4232 387 4282 Benedictio
398 4230 522 4296 generalis
533 4230 567 4281 ad
579 4230 663 4281 omnia
675 4238 821 4280 ornamenta
831 4246 891 4280 vasa
902 4239 927 4280 et
939 4231 1102 4281 instrumenta
1113 4234 1231 4284 ecclesiae
1284 4273 1300 4296 ‚‚

243 4321 434 4372 Benedictiones
445 4322 602 4372 nocturnales
1163 4362 1168 4372 .

244 4411 522 4463 IndiePurificntionis
673 4446 694 4460 ..
1283 4453 1289 4475 ‚
