3096 5092
529 300 613 351 FER.
638 302 665 351 V.
684 300 733 350 ΙΝ
747 299 869 350 COENA
889 299 1041 357 DOMINI.

439 427 477 491 71

156 524 274 587 Postea
289 523 520 606 ingrediantur
543 526 702 589 ecclesiane
725 535 758 588 et

147 611 219 694 fiat
243 611 292 674 ibi
314 612 411 674 statie
437 612 530 674 innta
556 633 674 676 retorem
698 613 758 675 sol-

156 698 291 778 lempnis
309 698 525 779 processiones.
578 699 757 781 Postquam

157 784 388 866 ingrediantur
422 784 549 848 Abbate
582 786 755 867 incipiente.

157 871 468 935 1Circumdederunt
478 875 552 934 me.¹
585 872 760 954 Sitenepus

157 977 219 1019 nan
227 958 417 1039 permiserit
428 959 517 1039 qnod
519 960 675 1040 processio
689 961 760 1042 fiat

156 1054 249 1107 entra
275 1045 346 1126 fiat
372 1045 457 1107 circa
493 1046 678 1110 claustrum.
710 1047 759 1109 ita

156 1131 245 1212 quad
259 1132 373 1212 prima
401 1132 500 1194 stacio
516 1133 586 1214 fiat
615 1134 649 1194 in
673 1134 757 1215 capi-

157 1216 244 1293 tnlc'l.
291 1218 439 1281 Secunda
482 1220 580 1282 stacia
615 1221 686 1302 fiat
722 1221 756 1282 in

155 1305 249 1366 scolis
261 1325 302 1367 erc
314 1315 410 1386 parte
424 1305 597 1369 bostelarie.
613 1316 644 1369 et
657 1308 757 1369 tercia

157 1391 192 1452 in
207 1390 384 1467 ecclesiatici
408 1402 573 1473 utsupra.
617 1400 652 1469 ΕΙ
674 1394 756 1456 Not·

155 1478 279 1540 andunc
288 1478 376 1560 quod
385 1479 446 1560 qui
456 1479 591 1543 celebrat
601 1501 755 1563 recagnarn

154 1565 290 1627 messam
303 1589 314 1628 :
359 1575 464 1629 teneat
492 1567 640 1647 palrnarn
675 1568 761 1630 inter

155 1653 376 1733 ewangelium.

197 2045 231 2114 (I
246 2039 346 2101 Feria
360 2039 476 2119 quinta
492 2039 526 2100 in
542 2061 617 2101 cena
632 2040 755 2102 dann‘nc

146 2126 277 2207 pulsato
298 2146 415 2206 ariagne
438 2126 530 2206 signa
546 2137 622 2208 post
642 2126 755 2189 barain

154 2212 223 2274 inm
244 2222 399 2274 conuentu
421 2214 621 2275 conueniente
637 2214 671 2274 in
686 2215 755 2276 clea-

155 2319 229 2360 rune
241 2322 252 2361 .·
283 2299 395 2361 Abbas
416 2309 469 2360 eat
488 2299 522 2360 in
546 2301 700 2362 nestc'ario
726 2311 758 2363 et

155 2385 307 2447 renestiat
334 2407 367 2447 se
396 2396 434 2447 ut
464 2397 563 2466 supra
594 2387 628 2448 in
657 2389 759 2469 capite

155 2471 279 2534 ieiunii.
319 2472 373 2534 nel
405 2473 438 2534 si
473 2473 607 2535 arcessant
644 2475 770 2574 fuerit·
808 2519 1042 2581 mandatorum
1067 2520 1239 2582 celestium
1273 2529 1308 2582 et
1340 2539 1410 2582 mo.

153 2559 391 2622 celebraturus:
427 2559 511 2621 sieed
534 2561 568 2621 in
590 2562 754 2642 sollempne

146 2646 365 2726 prolcesscane.
410 2645 485 2708 Duo
508 2647 606 2709 etiarn
622 2647 667 2730 [p.
688 2648 755 2712 126.

153 2732 284 2794 diaconi
323 2733 542 2796 reuestiantnr
577 2744 615 2795 nt
648 2747 755 2816 snpra.

147 2830 314 2900 precentor
327 2819 424 2882 etcanc
434 2829 466 2881 et
480 2820 631 2883 minister
640 2823 758 2884 altaris

155 2907 378 2969 renestiantnr.
437 2905 562 2983 Quibus
588 2909 755 2972 renestitis.

147 2993 300 3073 procedat
313 2992 426 3055 Abbas
446 2994 673 3057 carrcc‘tantibns
691 2996 759 3058 illes

156 3079 317 3142 reuestitcs
342 3080 412 3141 sine
439 3100 527 3143 cruce
555 3091 587 3142 et
610 3083 707 3144 cereis
728 3092 759 3144 et

156 3165 387 3247 ingrediantur
436 3166 566 3229 elearurn
610 3170 758 3250 superius

156 3262 383 3334 transeuntque
426 3253 486 3315 sub
530 3254 657 3317 silentia
695 3267 759 3337 per

156 3339 297 3401 ncedinrn
356 3338 486 3401 clearnnc
530 3341 579 3402 ad
616 3340 756 3404 bostium

156 3427 276 3489 ecclesie
341 3426 544 3507 subsequente
601 3439 756 3491 conuentu

148 3513 317 3594 prioribus
374 3513 471 3575 etc'eern
508 3516 755 3595 precedentibus.

159 3599 300 3680 Cumque
353 3600 401 3661 ad
453 3599 594 3663 bostium
638 3604 758 3666 ecclesie

150 3687 380 3768 peruenerint:
425 3708 509 3749 unns
550 3688 755 3752 diaconarum

156 3783 246 3836 exeat
281 3783 372 3834 cntra
413 3773 554 3836 leastinne
591 3777 641 3838 ad
671 3778 754 3858 pub-

155 3860 213 3922 lice
234 3861 417 3942 penitentes.
445 3861 545 3924 altera
575 3874 757 3925 reneanente

155 3968 227 4009 cnm
261 3947 372 4010 abbate
408 3957 514 4010 stante
556 3949 615 4012 nbi
647 3962 753 4032 snpra.

154 4034 328 4110 11²Prior
355 4044 462 4096 autern
492 4037 560 4096 seu'
589 4046 758 4117 precentor

146 4121 287 4202 postulet
329 4131 391 4201 pra
435 4121 654 4202 penitentibus
689 4123 756 4187 biis

153 4208 267 4271 uerbis.

186 4324 236 4364 ¹-¹
253 4327 346 4375 Noted.

184 4389 237 4429 Η
252 4392 336 4441 These
342 4391 424 4441 words
431 4408 473 4442 are
482 4394 569 4443 scored
579 4393 687 4460 through
699 4396 753 4456 (not

151 4459 185 4523 by
196 4459 239 4509 the
251 4456 356 4521 original
368 4457 469 4517 writer).

811 524 967 653 ADest
1004 545 1024 588 o
1069 524 1271 588 uenerabilis
1318 532 1414 608 pater

909 620 1042 712 tempus
1095 621 1282 694 acceptum
1338 611 1411 674 dies

807 698 1055 780 propiciationis
1084 699 1204 762 diuine
1232 706 1268 761 et
1296 697 1414 761 salutis

806 785 959 848 humane.
975 806 1042 866 qua
1065 805 1153 848 mors
1176 786 1353 848 interitum
1381 795 1414 848 et

806 872 876 935 uita
906 873 1034 952 accepit
1060 883 1174 935 eterna
1197 872 1410 955 principium.

806 956 956 1042 quanldo
969 959 1002 1020 in
1015 959 1112 1021 uinea
1127 958 1254 1021 domini
1273 957 1320 1040 [p.
1343 972 1412 1037 127.

807 1044 948 1108 sabaoth
973 1046 1019 1108 sic
1043 1065 1206 1109 nouorum
1231 1045 1414 1127 palmitum

806 1131 971 1213 plantatio
987 1131 1138 1195 facienda
1153 1141 1211 1195 est.
1228 1141 1267 1195 ut
1290 1151 1413 1215 purge-

808 1228 862 1281 tur
876 1219 1045 1282 execratio
1061 1219 1243 1282 uetustatis.
1282 1219 1412 1302 Quam-

807 1306 857 1367 uis
882 1307 970 1367 enim
995 1327 1014 1368 a
1037 1306 1161 1369 diuitiis
1183 1306 1348 1369 bonitatis
1379 1315 1412 1368 et

807 1393 941 1473 pietatis
951 1393 1004 1455 dei
1018 1391 1118 1456 nichil
1130 1393 1293 1474 temporis
1305 1403 1411 1456 uacet.

808 1499 896 1540 nunc
920 1489 1032 1541 tamen
1058 1489 1091 1541 et
1117 1478 1238 1561 largior
1263 1488 1323 1542 est
1352 1499 1412 1561 per

808 1565 1050 1646 indulgentiam
1096 1566 1244 1628 remissio
1294 1584 1412 1648 pecca-

807 1660 926 1715 torum.
940 1662 972 1714 et
989 1653 1154 1733 copiosior
1177 1673 1236 1734 per
1259 1654 1409 1734 graciam

808 1740 992 1819 assumptio
1024 1740 1279 1802 renascencium.
1337 1739 1410 1802 Au·

807 1845 926 1906 gemur
962 1826 1201 1907 regenerandis
1231 1827 1411 1889 crescimus

807 1912 955 1976 reuersis.
1010 1912 1143 1976 Lauant
1169 1932 1263 1993 aque.
1295 1912 1411 1975 lauant

753 2040 760 2053 .
808 1998 942 2061 lacrime
979 1999 1057 2063 inde
1094 2008 1144 2062 est
1174 1999 1337 2080 gaudium
1369 1999 1411 2062 de

808 2087 1035 2167 assumptione
1081 2094 1285 2149 uocatorum.
1333 2085 1410 2148 hinc

807 2172 916 2235 leticia
947 2173 989 2235 de
1019 2172 1229 2249 absolutione
1259 2173 1411 2254 peniten-

807 2259 904 2322 cium.
960 2260 1044 2323 Inde
1074 2269 1124 2323 est
1146 2258 1237 2340 quod
1264 2259 1410 2341 supplex

808 2346 951 2427 populus
988 2356 1065 2408 tuus
1095 2356 1212 2428 postea
1242 2366 1346 2427 quam
1378 2348 1409 2409 in

807 2433 915 2495 uarias
931 2432 1055 2495 formas
1067 2433 1243 2495 criminum
1255 2433 1409 2514 neglectu

808 2626 879 2668 rum
905 2606 1125 2687 probabilium
1149 2607 1412 2688 transgressione

807 2694 934 2756 cecidit.
964 2693 1157 2756 humiliatus
1187 2702 1288 2774 atque
1319 2714 1412 2775 pros·

808 2789 914 2842 tratus
930 2779 1123 2862 prophetica
1146 2780 1189 2843 ad
1210 2781 1311 2843 deum
1327 2800 1411 2843 uoce

807 2867 939 2930 clamat.
985 2867 1124 2930 Peccaui
1139 2867 1251 2947 inique
1267 2867 1332 2947 egi.
1349 2867 1409 2929 ini-

808 2952 986 3036 quiltatem
1008 2953 1078 3017 feci.
1103 2954 1258 3015 miserere
1274 2952 1319 3034 [p.
1341 2954 1409 3016 128.

808 3041 873 3102 mei
884 3041 1034 3103 domine:
1050 3039 1276 3122 euangelicam
1289 3060 1409 3103 uocem

808 3146 875 3188 non
906 3126 1112 3190 frustratoria
1149 3147 1227 3189 aure
1263 3127 1409 3208 capiens.

807 3213 903 3276 Beati
929 3214 985 3294 qui
1012 3213 1135 3296 lugent.
1160 3213 1319 3294 quoniam
1345 3214 1407 3297 ipsi

782 3299 1073 3363 consolabuntur.
1120 3300 1340 3363 Manducauit
1363 3301 1408 3363 si-

805 3396 863 3449 cut
877 3388 1037 3469 scriptum
1062 3397 1113 3449 est
1136 3407 1257 3468 panem
1273 3387 1408 3451 doloris.

806 3473 948 3536 lacrimis
994 3483 1135 3537 stratum
1181 3473 1309 3555 rigauit.
1352 3494 1410 3537 cor

806 3581 902 3623 suum
926 3559 1048 3623 afflixit
1071 3560 1206 3623 ieiuniis.
1232 3570 1269 3623 ut
1296 3560 1408 3623 anime

805 3667 864 3709 sue
896 3649 1053 3730 reciperet
1086 3667 1187 3729 quam
1217 3647 1410 3728 perdiderat

805 3735 993 3798 sanitatem.
1047 3734 1193 3798 Unicum
1218 3735 1331 3815 itaque
1358 3744 1411 3799 est

806 3821 989 3902 penitentie
1018 3821 1212 3902 suffragium
1243 3820 1333 3902 quod
1373 3831 1409 3885 et

805 3907 944 3988 singulis
970 3908 1105 3989 prodest
1132 3917 1166 3971 et
1190 3906 1346 3971 omnibus
1374 3910 1408 3970 in

806 4014 984 4057 commune
999 3995 1165 4057 succurrit.
1209 3994 1330 4058 Abbas.

813 4181 1039 4308 INiquitates
1055 4201 1146 4243 meas
1163 4201 1225 4261 ego
1240 4199 1410 4262 cognosco

861 4276 895 4330 et
911 4267 1069 4330 delictum
1090 4287 1201 4330 meum
1224 4287 1337 4330 coram
1354 4288 1411 4332 me

804 4363 855 4417 est
870 4374 1008 4437 semper.
1040 4355 1166 4417 Auente
1177 4353 1295 4417 faciem
1311 4363 1409 4419 tuam

804 4441 939 4504 domine
954 4462 974 4504 a
989 4442 1134 4524 peccatis
1151 4441 1232 4503 meis
1243 4449 1278 4503 et
1289 4460 1410 4506 omnes
