3096 5092
558 365 613 412 AD
631 363 676 413 CA
683 362 942 414 TECHUMENOS
955 363 1176 414 FACIENDOS.
1220 414 1224 431 «.

522 494 563 559 ²3
1162 493 1204 556 24

243 605 334 650 mare
358 590 551 654 ambulauit.
579 602 613 654 et
639 602 735 674 petro
760 613 843 654 mer·
894 591 986 652 tauit.
1034 590 1124 672 Ergo
1148 589 1332 651 maledicte.
1348 597 1380 649 et
1392 597 1493 649 cetera

242 676 333 754 genti
351 678 526 741 dexteram
542 680 702 760 porrexit.
750 679 841 760 Ergo
894 685 1043 757 utsupra
1058 675 1200 738 Exhinc
1215 685 1283 737 tam
1298 686 1492 756 superman-

243 760 428 827 maledicte.
458 774 489 826 et
523 775 625 828 cetera
661 776 699 828 ut
733 776 841 846 supra.
893 763 979 824 culos
992 784 1089 845 quam
1101 775 1197 845 super
1196 763 1346 842 ferrrz'rzas
1356 762 1491 823 dicatur.

242 847 312 909 Hee
338 851 497 913 orateimes
517 862 678 932 sequentes
692 853 846 915 dieantur
893 849 946 911 iic
966 851 1078 928 faciat
1106 871 1225 912 crucem
1257 849 1292 910 in
1308 849 1423 927 fronte
1445 848 1493 908 in-

241 942 369 998 tantum
392 949 487 1019 super
502 940 658 1018 feminas.
707 940 844 1003 Oremus
885 937 1155 1014 fanteseterecta
1171 957 1271 998 manu
1283 947 1378 1017 super
1390 933 1497 1015 capud

241 1019 334 1084 Deus
350 1024 420 1085 celi.
437 1027 519 1087 deus
534 1036 629 1088 terre.
645 1028 727 1088 deus
742 1046 842 1106 ange·
890 1023 959 1084 eius
973 1023 1080 1085 dicat.1

241 1106 357 1171 lorum.
371 1111 453 1173 deus
469 1113 748 1194 archangelorum.
760 1115 842 1174 deus

243 1197 511 1274 patriarcharum·
544 1202 625 1262 deus
663 1200 840 1281 Psopheia‘
962 1221 1107 1284 Ternam
1124 1242 1162 1283 ac
1179 1222 1394 1283 iustissimam
1420 1220 1488 1301 pie-

221 1301 325 1348 ,rum
363 1284 445 1346 deus
484 1286 720 1367 apostolorum,
758 1288 840 1348 deus
976 1318 1080 1371 tatem
1112 1318 1204 1370 tuam
1239 1310 1399 1389 deprecor
1431 1307 1489 1367 do.

242 1379 434 1450 mastysum·
479 1376 561 1435 deus
606 1373 840 1439 COssfeSfflsum·
890 1396 978 1457 mine
1009 1404 1123 1457 sancte
1153 1404 1247 1475 pater
1277 1395 1489 1474 omnipotens

241 1456 322 1517 deus
360 1458 534 1558 Fisgiqum·
571 1460 654 1561 deu?
691 1461 839 1560 {mnium
891 1492 1003 1544 eterne
1019 1482 1101 1544 deus
1118 1483 1174 1562 qui
1185 1480 1488 1543 esauctorluminis

241 1540 325 1604 bene
341 1554 534 1612 uiuentium.
550 1548 633 1609 deus
655 1568 707 1609 cur
732 1567 841 1608 omnis
1248 1565 1300 1604 ‹unc›
1429 1563 1475 1602 lumi

241 1627 355 1710 lingua
380 1632 555 1695 confitetur
578 1643 611 1695 et
638 1655 736 1696 omne
752 1653 839 1715 genu
891 1617 924 1670 et
940 1609 1089 1729 ueritatis
1105 1629 1203 1690 super
1219 1606 1486 1732 hancmsamulam

241 1714 399 1816 fleelritur
421 1719 601 1818 celestium.
625 1731 689 1784 ter·
717 1717 763 1804 [ρ.
786 1738 837 1798 41·
891 1698 983 1797 tuin
1005 1735 1045 1796 N.
1065 1744 1102 1797 ut
1120 1735 1265 1815 digneris
1284 1754 1358 1796 eam
1380 1732 1487 1794 illum-

242 1818 401 1868 restrium.
413 1815 446 1867 et
459 1806 708 1871 infernorumte
720 1809 840 1870 inuoco
891 1822 982 1883 inare
1012 1821 1136 1883 lumine
1167 1821 1385 1903 intelligentie
1423 1829 1486 1881 rue.

241 1889 376 1952 domine
412 1913 511 1974 super
557 1894 643 1956 hanc
680 1893 839 1956 famulam
1052 1904 1079 1944 lul

1125 1110 1268 1173 Oremus.

241 1984 334 2038 tuam
359 1978 399 2044 Ν,
416 1988 453 2040 ut
477 1981 655 2060 perducere
678 2002 752 2043 eam
768 1981 840 2062 dig,
891 1949 1015 2010 munda
1039 1968 1113 2010 eam
1137 1957 1170 2009 et
1193 1946 1369 2009 sanctifica
1392 1946 1435 2007 da
1458 1947 1487 2007 ei

241 2065 327 2125 neris
357 2065 399 2127 ad
427 2068 567 2146 gratiam
599 2068 756 2149 baptismi
783 2068 840 2136 tui,

243 2149 334 2230 Ergo
345 2151 519 2216 maledicte
530 2163 561 2216 et
568 2165 669 2216 cetera
676 2165 713 2216 ut
720 2151 840 2236 supra.¹

471 2302 614 2366 Oremus.

319 2420 389 2483 Eus
417 2423 584 2487 abraham.
623 2425 704 2487 deus
729 2447 838 2506 ysaac.

335 2508 416 2570 deus
440 2511 543 2573 iacob.
560 2513 641 2573 deus
658 2514 714 2592 qui
735 2512 839 2574 tribus

241 2593 336 2656 israel
353 2596 394 2656 de
404 2599 540 2678 egyptia
550 2599 709 2661 seruitute
722 2598 838 2665 libera·

240 2689 291 2742 tas
314 2702 373 2762 per
396 2703 534 2764 moysen
558 2684 718 2747 famulum
743 2696 837 2749 tuum

240 2768 282 2829 de
299 2771 449 2832 custodia
462 2773 694 2835 mandatorum
705 2783 837 2835 tuorum

241 2855 406 2918 monuisti.
423 2867 456 2919 et
482 2879 661 2921 susannam
686 2861 728 2921 de
755 2859 838 2922 salso

241 2942 378 3004 crimine
417 2943 571 3008 liberasti.
618 2957 651 3008 te
692 2947 835 3029 supplex

228 3027 377 3090 ‘domine
407 3031 566 3112 deprecor
595 3043 632 3095 ut
649 3034 767 3096 liberes
802 3045 836 3097 et

240 3112 326 3176 hanc
343 3114 501 3179 famulam
531 3130 622 3181 tuam
649 3121 689 3182 N.
706 3131 740 3183 et
764 3142 836 3202 per-

241 3200 361 3263 ducere
376 3223 450 3264 eam
467 3206 612 3285 digneris
635 3207 677 3268 ad
694 3210 835 3288 gratiam

240 3285 397 3368 baptismi
428 3292 484 3352 tui.
540 3293 630 3375 Ergo
654 3294 838 3360 maledicte.

1325 2030 1362 2070 lus)

889 2074 1061 2136 scientiam
1079 2094 1192 2135 ueram
1208 2083 1245 2135 ut
1255 2074 1358 2154 digna
1367 2072 1487 2135 efficia·

889 2169 943 2223 tur
955 2162 1111 2222 accedere
1121 2163 1162 2222 ad
1173 2161 1315 2240 gratiam
1329 2158 1486 2240 baptismi

889 2247 946 2309 tui.
973 2256 1086 2309 teneat
1116 2247 1245 2309 firmam
1276 2267 1379 2328 spem.
1409 2266 1487 2307 con-

889 2333 998 2397 silium
1024 2343 1158 2396 rectum.
1183 2334 1368 2395 doctrinam
1393 2351 1486 2394 sanc-

889 2469 968 2522 tam.
985 2469 1022 2521 ut
1037 2416 1190 2541 apidlsit
1213 2460 1255 2522 ad
1280 2480 1352 2541 per·
1373 2459 1416 2540 [p.
1434 2475 1484 2536 43.

890 2547 1076 2627 cipiendam
1087 2547 1228 2628 gratiam
1243 2548 1399 2627 baptismi
1416 2547 1485 2607 tui.2

889 2634 966 2694 Non
1005 2634 1137 2696 dicatur
1174 2633 1340 2696 Dominus
1378 2632 1485 2695 uobis·

886 2741 970 2782 cum.
988 2741 1085 2800 neque
1099 2741 1232 2783 oremus.

971 2823 1020 2885 Ec
1058 2834 1091 2887 te
1129 2825 1210 2886 latet
1247 2824 1387 2885 sathana
1425 2825 1484 2884 im-

987 2911 1110 2972 minere
1147 2910 1207 2972 tibi
1241 2911 1330 2972 diem
1364 2910 1482 2971 iudicii.

887 2997 975 3060 diem
1003 2997 1155 3078 supplicii
1178 2997 1377 3077 sempiterni.
1395 2997 1483 3059 diem

887 3084 942 3164 qui
966 3093 1124 3146 uenturus
1144 3095 1195 3146 est
1218 3085 1310 3145 uelut
1336 3083 1485 3144 clibanus

888 3171 1007 3232 ardens
1019 3173 1051 3232 in
1063 3192 1129 3251 quo
1141 3170 1202 3232 tibi
1213 3181 1313 3251 atque
1323 3171 1484 3231 uniuersis

887 3257 1096 3338 angelistuis
1120 3267 1252 3319 eternus
1275 3258 1485 3338 superueniet

887 3344 1048 3406 interitus.
1115 3345 1256 3406 Proinde
1305 3345 1485 3424 dampnate

888 3440 989 3510 atque
1027 3431 1249 3512 dampnande.
1265 3431 1308 3492 da
1325 3430 1482 3491 honorem

240 3510 450 3573 Exeece‘smus
479 3525 575 3595 super
589 3517 740 3596 feminas
766 3529 837 3581 tan·
886 3517 950 3579 deo
966 3527 1000 3579 et
1015 3519 1093 3579 uiuo
1108 3529 1142 3580 et
1157 3538 1242 3579 uero
1260 3519 1303 3578 da
1326 3517 1484 3578 honorem

402 3598 493 3663 turer.1
540 3602 683 3667 Orernus.
888 3604 982 3666 ihesu
999 3605 1121 3666 christo
1137 3603 1204 3665 filio
1221 3605 1289 3665 eius
1307 3613 1340 3666 et
1355 3604 1483 3684 spiritui

248 3701 455 3829 EXorcizo
471 3713 505 3765 te
527 3704 686 3768 inmunde
702 3709 836 3789 spiritus
887 3700 1011 3789 ὃᾷὓῦῗθ·
1043 3692 1076 3752 in
1107 3693 1198 3790 Fufius
1218 3692 1360 3789 ‚nf’missss
1384 3701 1484 3770 atque

327 3809 385 3869 per
415 3801 544 3871 patrem
584 3803 616 3854 et
656 3793 759 3856 filium
802 3808 835 3858 et
886 3786 1008 3839 uirtute
1031 3798 1177 3859 precipio
1200 3778 1260 3839 tibi
1285 3797 1485 3857 quicumque

239 3383 271 3435 et
284 3385 384 3437 cetera
406 3386 445 3438 ut
467 3388 572 3458 supra.

133 3925 136 3929 .
240 3875 391 3955 spiritum
423 3887 582 3940 sanctum,
607 3889 645 3942 ut
676 3901 776 3944 exeas
803 3893 836 3946 et
887 3885 922 3926 es
939 3865 1072 3945 spiritus
1089 3865 1249 3926 inmunde
1265 3873 1301 3925 ut
1324 3884 1426 3924 exeas
1450 3873 1483 3926 et

241 3964 376 4037 seCedas
403 3963 445 4025 ab
472 3964 534 4026 hac
561 3965 685 4029 famma
711 3970 764 4030 dei
793 3971 834 4032 N·
887 3993 1020 4052 recedas
1058 3991 1101 4053 ab
1125 3948 1188 4052 biii
1215 3947 1348 4052 famulii)
1364 3991 1416 4052 dei
1443 3991 1483 4053 N.

241 4048 311 4131 ipse
328 4051 415 4111 enim
433 4048 588 4132 imiperat
605 4054 705 4116 male·
722 4053 766 4139 [p.
783 4074 834 4134 42.
930 4075 956 4116 ‹a›
1080 4119 1086 4130 ,
1127 4119 1133 4130 ‚
1461 4118 1467 4130 ,

240 4135 328 4199 dicte
352 4138 542 4219 dampnate.
565 4141 622 4220 qui
653 4162 730 4204 ceco
757 4154 836 4206 nato
886 4139 985 4199 quem
1009 4118 1212 4216 h⁰d¹eJdem
1236 4117 1484 4216 deusftdom*

240 4221 352 4284 oculos
369 4226 505 4305 aperuit·
522 4237 555 4287 et
578 4229 834 4306 quatriduanum
886 4225 947 4266 nus
978 4216 1091 4267 noster
1121 4205 1230 4267 ihesus
1262 4204 1402 4266 christus
1441 4205 1483 4265 ad

240 4308 384 4372 lazarum
422 4313 463 4372 de
494 4324 712 4377 monumento
736 4319 836 4378 susci.
889 4310 968 4429 orlA
996 4316 1058 4363 later
1093 4315 1161 4363 hand
1197 4314 1286 4362 inserts
1313 4314 1366 4361 sine
1400 4313 1485 4362 before

924 4395 1000 4428 emus.

273 4431 323 4481 1Α
351 4435 413 4483 later
448 4435 515 4483 hand
553 4435 642 4485 inserts
669 4439 721 4487 sine
752 4440 837 4491 before
918 4441 969 4492 2Α
987 4446 1049 4493 later
1069 4444 1136 4492 hand
1155 4444 1218 4492 adds
1238 4460 1281 4507 per
1301 4443 1419 4492 christum
1440 4444 1485 4492 do-

242 4501 352 4549 Oremus·
886 4511 982 4559 minum
994 4517 1112 4558 nostrum.
