3096 5092
587 339 816 405 'ratrammo
832 353 1036 405 aaronem.

460 486 518 550 Ι43

196 581 261 645 lem
277 591 311 645 et
325 582 477 664 gehenne
492 584 603 664 ignem
628 582 794 645 flammas-

196 690 260 751 que
276 671 389 733 tartari
406 671 439 731 in
456 671 589 751 regione
609 671 793 732 uiuentium

196 757 326 819 euadat.
374 757 456 819 Per.¹
497 755 619 821 Cantor
629 757 792 837 Requiem

196 853 345 906 eternam
358 845 446 906 dona
456 844 485 904 ei
496 843 638 906 domine.
652 842 793 908 Cannen-

196 940 249 991 tns
273 931 318 992 Et
342 930 401 992 lux
426 940 585 1011 perpetua
616 929 724 992 luceat
755 931 792 992 ei.

199 1015 321 1082 Cantor
335 1017 544 1096 antiphonam
558 1015 684 1080 2Οῐηῐιε
703 1018 793 1097 quod

196 1104 254 1166 dat
271 1104 369 1165 michi
386 1113 480 1184 pater
495 1104 537 1166 ad
565 1124 618 1165 me
645 1105 736 1166 uenit
760 1114 793 1165 et

196 1210 282 1252 eum·
292 1188 363 1273 lqui
385 1191 476 1252 uenit
497 1190 539 1252 ad
565 1210 618 1251 me
639 1189 683 1272 [p.
709 1192 793 1268 257.8

197 1297 262 1338 non
290 1278 416 1339 eitiam⁴
443 1277 536 1338 foras.
553 1277 610 1339 Ps.
633 1278 791 1340 Benedic-

195 1366 270 1425 tus.2
314 1363 429 1426 Finita
458 1364 634 1444 antiphona
663 1364 796 1444 imperet

194 1449 338 1512 sacerdos
366 1462 429 1531 pro
466 1471 499 1512 oo
533 1471 626 1512 orare
654 1450 792 1513 docendo.

197 1537 295 1600 Pater
313 1548 432 1599 noster.
478 1536 524 1600 Et
539 1557 581 1599 ne
599 1557 668 1599 nos,
714 1537 792 1599 Non

196 1625 297 1686 intres
310 1625 342 1685 in
355 1624 512 1686 iudicium
525 1644 600 1686 cum
614 1643 709 1686 seruo
721 1625 792 1686 tuo⁵

195 1711 338 1773 domine.
384 1710 527 1792 Aporta
539 1710 641 1773 inseri.
687 1710 793 1772 Dom-

196 1798 270 1860 inus
286 1797 468 1860 uobiscum.

425 1966 570 2031 Oramus.

202 2077 393 2208 DOmine
420 2088 534 2142 sancte
563 2088 658 2159 pater
687 2077 793 2140 omni-

278 2176 396 2246 potens
412 2175 524 2228 eterne
543 2165 632 2228 deus.
649 2166 705 2246 qui
722 2164 792 2227 uni-

195 2271 270 2314 cum
287 2251 391 2314 filium
410 2262 505 2314 tuum
527 2253 700 2314 dominum
717 2272 792 2313 nos-

193 2348 282 2401 trum
299 2339 427 2401 ihesum
451 2339 610 2401 christum
631 2339 792 2400 incarnari

193 2426 415 2488 constituisti:
439 2446 505 2506 quo
521 2435 689 2487 uetustum
706 2425 793 2486 solu-

194 2521 264 2574 eret
279 2513 411 2593 proprio
434 2513 595 2594 sanguine
617 2522 791 2593 peccatum

194 2608 228 2661 et
250 2600 355 2662 uitam
379 2600 530 2662 redderet
553 2599 697 2661 mundo:
720 2599 793 2680 ipso

195 2685 382 2767 opitulante
392 2687 540 2748 animam
551 2685 660 2748 fratris
676 2687 793 2747 nostri6

195 2776 238 2834 ab
261 2773 428 2854 ergastulo
451 2772 624 2836 cenulente
656 2773 792 2834 materie

194 2869 388 2940 exemptam
411 2859 454 2921 ab
477 2860 631 2922 omnibus
656 2858 793 2940 piaculis

195 2946 339 3008 absolue.
378 2966 444 3008 non
483 2947 628 3026 patiatur
658 2947 793 3008 insidias

195 3033 442 3095 occursancium
472 3033 672 3095 demonum:
695 3052 794 3114 prop-

195 3128 246 3181 ter
267 3139 368 3200 quam
393 3119 509 3180 misisti
525 3120 575 3181 *ad
599 3129 701 3181 terras
723 3121 794 3182 uni-

196 3225 271 3267 cum
299 3205 402 3268 filium
428 3215 531 3267 tuum.
560 3203 629 3279 lLi-
654 3202 699 3290 [p.
721 3208 793 3284 258.

195 3292 275 3353 bera
309 3302 342 3354 et
374 3291 509 3354 absolue
543 3311 617 3353 eam
656 3312 676 3354 a
708 3302 794 3354 tetra

197 3379 355 3458 uoragine
365 3379 497 3440 inferni:
513 3398 613 3459 quam
626 3379 793 3441 redemisti

196 3466 302 3546 pretio
333 3466 502 3546 sanguinis
539 3466 699 3545 unigeniti
737 3467 793 3529 tui.

197 3551 318 3614 Libera
341 3553 475 3615 domine
498 3560 530 3615 et
553 3552 690 3615 absolue
719 3573 794 3614 eam

195 3641 238 3701 ab
262 3641 424 3701 estuantis
447 3640 600 3701 incendio
622 3639 794 3721 gehenne:

194 3726 362 3787 collocans
379 3727 410 3787 in
428 3726 583 3807 paradysi
604 3728 793 3788 amenitate.

196 3813 272 3874 Non
288 3813 411 3874 sentiat
426 3814 572 3893 piissime
590 3823 684 3894 pater
704 3815 793 3894 quod

194 3899 280 3962 calet
303 3899 335 3960 in
354 3898 505 3962 flammis,
521 3901 610 3979 quod
627 3900 744 3961 stridet
760 3901 793 3961 in

195 3987 296 4066 penis.
313 3986 371 4048 sed
389 3985 634 4067 magnificentie
650 3994 707 4049 tue
723 4007 793 4049 mu-

228 4145 236 4173 ¹
254 4145 383 4194 Christum
394 4145 476 4194 added
488 4145 521 4209 by
532 4144 594 4194 later
605 4145 681 4194 hand.
738 4141 741 4148 ’

225 4207 279 4247 U
296 4210 388 4259 Noted.

223 4274 234 4307 ³
250 4275 400 4325 Thirteenth
413 4274 551 4338 gathering.

223 4341 234 4374 ⁴
251 4358 265 4391 e
276 4341 305 4390 ol
312 4341 360 4389 this
372 4341 441 4388 word
452 4341 535 4388 added
546 4339 626 4388 above
638 4339 696 4388 line.

223 4406 233 4438 ⁵
249 4407 289 4455 uel
301 4404 392 4454 ancilla
404 4414 446 4454 tua
457 4404 586 4454 interlinol
600 4406 632 4467 hy
641 4405 703 4453 later
714 4405 789 4455 hand.

223 4471 233 4505 ‘
249 4470 339 4521 sororis
350 4485 395 4519 nre
406 4470 539 4519 interlined
551 4471 583 4535 by
593 4471 654 4519 later
664 4471 738 4520 hand.

1120 487 1180 549 144

843 601 921 644 nere
936 592 1103 663 preuenta.
1120 592 1284 644 mereatur
1299 580 1439 643 euadere

843 669 1000 731 iudicium
1012 669 1154 731 ultionis,
1164 680 1198 731 et
1210 670 1306 731 beate
1317 667 1439 748 requiei

843 775 881 817 ac
898 755 978 818 lucis
994 767 1106 818 eterne
1130 755 1286 817 felicitate
1307 754 1438 836 perfrui.

843 851 1013 923 prestante
1039 843 1176 904 domino
1206 853 1320 904 nostro
1347 841 1439 902 ihesu

842 928 965 991 christo
981 927 1048 1010 Qui
1067 940 1225 992 uenturus
1248 925 1340 1012 [esd]
1357 928 1441 990 iudi-

842 1035 923 1077 care.

1069 1118 1214 1183 Oramus.

911 1222 1103 1284 Emeritatis
1136 1223 1271 1304 quidem
1301 1232 1353 1285 est
1383 1221 1441 1283 do-

921 1309 1016 1372 mine.
1052 1319 1090 1372 ut
1126 1308 1439 1385 homohominem.

842 1396 991 1457 mortalis
1030 1405 1207 1459 mortuum.
1245 1397 1327 1458 cinis
1371 1397 1439 1457 cin-

839 1502 948 1544 erem:
976 1482 1035 1544 tibi
1065 1485 1203 1546 domino
1232 1484 1296 1545 deo
1326 1493 1441 1544 nostro

841 1568 963 1631 audeat
986 1571 1226 1632 commendare.
1273 1569 1339 1633 Sed
1362 1570 1441 1650 quia

841 1666 928 1717 terra
944 1657 1081 1737 suscipit
1096 1668 1218 1719 terram
1241 1653 1289 1738 let
1305 1656 1349 1738 [p.
1368 1669 1439 1735 259.

841 1743 950 1824 puluis
977 1744 1180 1806 conuertitur
1203 1744 1235 1805 in
1259 1743 1438 1825 puluerem.

842 1829 948 1890 donec
971 1831 1080 1893 omnis
1098 1851 1175 1893 caro
1191 1831 1223 1891 in
1240 1850 1333 1892 suam
1357 1830 1440 1892 redi-

840 1925 940 1997 gatur
950 1917 1133 2001 originem:
1157 1918 1234 1980 inde
1249 1928 1341 1980 tuam
1358 1916 1440 1978 deus

842 2003 989 2083 piissime
1037 2003 1281 2065 lacrimabiliter
1321 2023 1440 2084 quesu-

842 2109 916 2151 mus
943 2091 1102 2170 pietatem
1130 2101 1166 2153 ut
1196 2091 1293 2152 huius
1324 2090 1439 2152 [amuli

841 2177 902 2238 tui²
918 2178 1063 2239 animam
1098 2198 1198 2258 quam
1211 2178 1252 2239 de
1265 2176 1361 2239 huius
1372 2196 1441 2238 sec-

842 2262 886 2325 uli
910 2265 1068 2345 uoragine
1090 2264 1265 2326 cenulenta
1280 2264 1373 2326 ducis
1397 2265 1440 2324 ad

841 2351 1001 2431 patriam:
1022 2350 1146 2412 abrahe
1171 2352 1268 2412 amici
1293 2351 1340 2412 tui
1367 2351 1440 2412 sinu

842 2437 987 2517 recipias
1005 2446 1038 2499 et
1054 2437 1210 2519 refrigerii
1224 2458 1296 2499 rore
1308 2437 1440 2517 perfun-

841 2524 909 2586 das
955 2522 1008 2587 Sit
1030 2523 1073 2586 ab
1100 2526 1260 2587 estuantis
1290 2526 1442 2605 gehenne

840 2609 923 2672 truci
962 2611 1114 2672 incendio
1152 2612 1367 2693 segregatus.⁸
1407 2619 1442 2672 et

841 2697 938 2759 beate
963 2699 1086 2778 requiei
1122 2707 1155 2760 te
1190 2700 1337 2761 donante
1363 2716 1442 2758 con-

843 2783 995 2846 iunctus³
1041 2784 1086 2847 Et
1116 2786 1143 2846 si
1176 2806 1241 2866 que
1279 2784 1324 2846 illi
1363 2795 1441 2846 sunt

842 2871 977 2932 domine
992 2871 1094 2952 digna
1109 2871 1307 2934 cruciatibus
1323 2871 1441 2952 culpe:

842 2966 877 3018 tu
894 2977 950 3018 eas
969 2959 1077 3039 gratia
1094 2960 1280 3020 mitissime4
1296 2958 1442 3020 lenitatis

841 3043 984 3124 indulge.
1045 3044 1117 3106 Nec
1147 3046 1274 3126 peccati
1304 3045 1442 3126 recipiat

841 3131 948 3192 uicem
962 3153 968 3192 :
991 3131 1049 3192 sed
1066 3131 1270 3212 indulgentie
1282 3142 1338 3193 tue
1351 3133 1441 3213 piam

842 3218 969 3279 senciat
979 3216 1171 3280 bonitatem.
1185 3219 1336 3300 Cumque
1347 3218 1442 3279 finito

844 3305 959 3366 mundi
969 3306 1111 3367 termino
1121 3326 1299 3387 supernum
1312 3307 1440 3368 cunctis

843 3390 992 3453 illuxerit
1010 3412 1148 3473 regnum
1164 3392 1285 3475 somni·
1306 3391 1350 3474 [p.
1369 3393 1441 3455 260.

843 3497 900 3539 um
919 3487 1109 3541 sanctorum
1130 3479 1257 3540 cetibus
1280 3499 1441 3560 aggrega-

844 3565 910 3626 tus8
920 3584 995 3626 cum
1008 3563 1121 3628 electis
1133 3574 1282 3647 resurgat
1298 3567 1330 3626 in
1347 3575 1441 3646 parte

843 3651 983 3714 dextera
995 3654 1225 3715 coronandus⁶
1271 3651 1354 3716 Per.⁶

1070 3787 1214 3853 Oramus.

920 3889 1057 3953 Ebitum
1108 3891 1246 3953 humani
1296 3892 1443 3972 corporis

926 3978 1106 4059 sepeliendi
1127 3979 1271 4040 officium
1293 3978 1441 4039 fidelium

875 4074 883 4106 ¹
901 4087 937 4128 est
946 4079 1078 4144 originally
1086 4080 1199 4139 omitted,
1208 4080 1258 4128 and
1270 4080 1396 4129 indicated
1408 4081 1442 4144 by

842 4144 931 4193 aliter
942 4145 1017 4193 hand.

874 4206 884 4304 ἰ
900 4210 924 4322 le
936 4218 977 4323 ml
989 4209 1119 4323 iptergnlpd
1127 4210 1165 4323 lby
1175 4211 1237 4322 lapler
1248 4209 1323 4322 gand.

911 4289 963 4322 am
976 4291 1001 4322 er
1013 4291 1052 4323 me
1136 4285 1188 4324 ater
1218 4291 1274 4322 an.

872 4338 883 4369 ⁴
901 4340 957 4388 MS.
971 4293 1259 4403 originallyymittissime.

873 4404 883 4435 ⁶
900 4405 932 4452 da
943 4404 1083 4454 interlined.

873 4471 883 4504 ⁶
900 4469 1027 4519 Christum
1039 4470 1122 4520 added
1130 4470 1164 4534 by
1172 4471 1234 4519 later
1245 4469 1320 4519 hand.
