<?xml version="1.0" encoding="UTF-8"?>
<!DOCTYPE html PUBLIC "-//W3C//DTD XHTML 1.0 Transitional//EN"
    "http://www.w3.org/TR/xhtml1/DTD/xhtml1-transitional.dtd">
<html xmlns="http://www.w3.org/1999/xhtml" xml:lang="en" lang="en">
 <head>
  <title>
</title>
<meta http-equiv="Content-Type" content="text/html;charset=utf-8" />
  <meta name='ocr-system' content='tesseract 3.04.00' />
  <meta name='ocr-capabilities' content='ocr_page ocr_carea ocr_par ocr_line ocrx_word'/>
</head>
<body>
  <div class='ocr_page' id='page_1' title='image "./officiumecclesi00abbegoog/officiumecclesi00abbegoog_0041.png"; bbox 0 0 3096 5092; ppageno 0'>
   <div class='ocr_carea' id='block_1_1' title="bbox 480 315 1072 367">
    <p class='ocr_par' dir='ltr' id='par_1_1' title="bbox 480 315 1072 367">
     <span class='ocr_line' id='line_1_1' title="bbox 480 315 1072 367; baseline 0 -1"><span class='ocrx_word' id='word_1_1' title='bbox 480 317 534 366; x_wconf 87' lang='lat' dir='ltr'><strong>DE</strong></span> <span class='ocrx_word' id='word_1_2' title='bbox 549 316 807 367; x_wconf 87' lang='lat' dir='ltr'><em>PROFESSIONE</em></span> <span class='ocrx_word' id='word_1_3' title='bbox 821 315 1072 367; x_wconf 86' lang='lat' dir='ltr'><em>NOUICIORUM.</em></span> 
     </span>
    </p>
   </div>
   <div class='ocr_carea' id='block_1_2' title="bbox 220 449 461 581">
    <p class='ocr_par' dir='ltr' id='par_1_2' title="bbox 220 449 461 581">
     <span class='ocr_line' id='line_1_2' title="bbox 425 449 461 512; baseline 0 -16"><span class='ocrx_word' id='word_1_4' title='bbox 425 449 461 512; x_wconf 79' lang='lat'><strong>31</strong></span> 
     </span>
     <span class='ocr_line' id='line_1_3' title="bbox 220 539 264 581; baseline 0.045 -2"><span class='ocrx_word' id='word_1_5' title='bbox 220 539 264 581; x_wconf 68' lang='lat' dir='ltr'><strong>tut)</strong></span> 
     </span>
    </p>
   </div>
   <div class='ocr_carea' id='block_1_3' title="bbox 141 583 750 1688">
    <p class='ocr_par' dir='ltr' id='par_1_3' title="bbox 141 583 750 1688">
     <span class='ocr_line' id='line_1_4' title="bbox 149 583 748 648; baseline 0.007 -4"><span class='ocrx_word' id='word_1_6' title='bbox 149 583 264 645; x_wconf 89' lang='lat' dir='ltr'><strong>audiat</strong></span> <span class='ocrx_word' id='word_1_7' title='bbox 298 604 414 645; x_wconf 90' lang='lat' dir='ltr'><strong>uocem</strong></span> <span class='ocrx_word' id='word_1_8' title='bbox 460 584 650 648; x_wconf 89' lang='lat' dir='ltr'><strong>alienorum.</strong></span> <span class='ocrx_word' id='word_1_9' title='bbox 689 587 748 648; x_wconf 91' lang='lat' dir='ltr'><strong>sed</strong></span> 
     </span>
     <span class='ocr_line' id='line_1_5' title="bbox 149 671 746 752; baseline 0.002 -19"><span class='ocrx_word' id='word_1_10' title='bbox 149 679 242 733; x_wconf 88' lang='lat' dir='ltr'><strong>tuam</strong></span> <span class='ocrx_word' id='word_1_11' title='bbox 259 691 325 752; x_wconf 91' lang='lat' dir='ltr'><strong>qua</strong></span> <span class='ocrx_word' id='word_1_12' title='bbox 340 671 430 733; x_wconf 90' lang='lat' dir='ltr'><strong>dicis.</strong></span> <span class='ocrx_word' id='word_1_13' title='bbox 446 673 502 752; x_wconf 92' lang='lat' dir='ltr'><strong>qui</strong></span> <span class='ocrx_word' id='word_1_14' title='bbox 527 672 607 733; x_wconf 91' lang='lat' dir='ltr'><strong>mihi</strong></span> <span class='ocrx_word' id='word_1_15' title='bbox 631 673 746 734; x_wconf 93' lang='lat' dir='ltr'><strong>minis-</strong></span> 
     </span>
     <span class='ocr_line' id='line_1_6' title="bbox 149 757 748 840; baseline 0.005 -21"><span class='ocrx_word' id='word_1_16' title='bbox 149 765 215 819; x_wconf 88' lang='lat' dir='ltr'><strong>trat</strong></span> <span class='ocrx_word' id='word_1_17' title='bbox 231 777 285 819; x_wconf 92' lang='lat' dir='ltr'><strong>me</strong></span> <span class='ocrx_word' id='word_1_18' title='bbox 307 767 471 839; x_wconf 90' lang='lat' dir='ltr'><strong>sequatur.</strong></span> <span class='ocrx_word' id='word_1_19' title='bbox 518 757 583 840; x_wconf 86' lang='lat' dir='ltr'><strong>Qui</strong></span> <span class='ocrx_word' id='word_1_20' title='bbox 608 759 693 821; x_wconf 89' lang='lat' dir='ltr'><strong>uiuis</strong></span> <span class='ocrx_word' id='word_1_21' title='bbox 715 768 748 822; x_wconf 90' lang='lat' dir='ltr'><strong>et</strong></span> 
     </span>
     <span class='ocr_line' id='line_1_7' title="bbox 151 844 748 925; baseline 0.008 -22"><span class='ocrx_word' id='word_1_22' title='bbox 151 863 269 923; x_wconf 90' lang='lat' dir='ltr'><strong>regnas</strong></span> <span class='ocrx_word' id='word_1_23' title='bbox 285 863 360 906; x_wconf 93' lang='lat' dir='ltr'><strong>cum</strong></span> <span class='ocrx_word' id='word_1_24' title='bbox 378 844 442 906; x_wconf 92' lang='lat' dir='ltr'><strong>deo</strong></span> <span class='ocrx_word' id='word_1_25' title='bbox 457 854 551 925; x_wconf 89' lang='lat' dir='ltr'><strong>patre</strong></span> <span class='ocrx_word' id='word_1_26' title='bbox 568 846 600 906; x_wconf 90' lang='lat' dir='ltr'><strong>in</strong></span> <span class='ocrx_word' id='word_1_27' title='bbox 621 847 748 908; x_wconf 89' lang='lat' dir='ltr'><strong>unitate</strong></span> 
     </span>
     <span class='ocr_line' id='line_1_8' title="bbox 151 931 748 1012; baseline 0.007 -21"><span class='ocrx_word' id='word_1_28' title='bbox 151 931 286 1010; x_wconf 90' lang='lat' dir='ltr'><strong>spiritus</strong></span> <span class='ocrx_word' id='word_1_29' title='bbox 316 931 422 992; x_wconf 88' lang='lat' dir='ltr'><strong>sancti</strong></span> <span class='ocrx_word' id='word_1_30' title='bbox 449 931 530 994; x_wconf 93' lang='lat' dir='ltr'><strong>deus</strong></span> <span class='ocrx_word' id='word_1_31' title='bbox 555 952 614 1012; x_wconf 92' lang='lat' dir='ltr'><strong>per</strong></span> <span class='ocrx_word' id='word_1_32' title='bbox 635 933 748 995; x_wconf 88' lang='lat' dir='ltr'><strong>omnia</strong></span> 
     </span>
     <span class='ocr_line' id='line_1_9' title="bbox 149 1016 750 1100; baseline 0.005 -23"><span class='ocrx_word' id='word_1_33' title='bbox 149 1016 261 1079; x_wconf 91' lang='lat' dir='ltr'><strong>secula</strong></span> <span class='ocrx_word' id='word_1_34' title='bbox 282 1018 477 1080; x_wconf 91' lang='lat' dir='ltr'><strong>seculorum.</strong></span> <span class='ocrx_word' id='word_1_35' title='bbox 522 1018 591 1080; x_wconf 90' lang='lat' dir='ltr'><strong>Hie</strong></span> <span class='ocrx_word' id='word_1_36' title='bbox 614 1018 750 1100; x_wconf 81' lang='lat' dir='ltr'><em>incipiat</em></span> 
     </span>
     <span class='ocr_line' id='line_1_10' title="bbox 147 1101 746 1185; baseline 0.007 -22"><span class='ocrx_word' id='word_1_37' title='bbox 147 1101 247 1165; x_wconf 82' lang='lat' dir='ltr'><strong>abbas</strong></span> <span class='ocrx_word' id='word_1_38' title='bbox 260 1105 330 1165; x_wconf 94' lang='lat' dir='ltr'><strong>alta</strong></span> <span class='ocrx_word' id='word_1_39' title='bbox 345 1125 416 1166; x_wconf 86' lang='lat' dir='ltr'><strong>noce</strong></span> <span class='ocrx_word' id='word_1_40' title='bbox 436 1105 595 1167; x_wconf 86' lang='lat' dir='ltr'><strong>cantanda</strong></span> <span class='ocrx_word' id='word_1_41' title='bbox 606 1126 746 1185; x_wconf 86' lang='lat' dir='ltr'><em>ymnum</em></span> 
     </span>
     <span class='ocr_line' id='line_1_11' title="bbox 149 1185 747 1275; baseline 0.003 -23"><span class='ocrx_word' id='word_1_42' title='bbox 149 1185 250 1252; x_wconf 84' lang='lat' dir='ltr'><strong>¹Ucni</strong></span> <span class='ocrx_word' id='word_1_43' title='bbox 275 1200 402 1253; x_wconf 88' lang='lat' dir='ltr'><strong>creator</strong></span> <span class='ocrx_word' id='word_1_44' title='bbox 417 1192 561 1272; x_wconf 87' lang='lat' dir='ltr'><strong>spiritus¹</strong></span> <span class='ocrx_word' id='word_1_45' title='bbox 577 1190 747 1275; x_wconf 71' lang='lat' dir='ltr'><strong>cannenltn</strong></span> 
     </span>
     <span class='ocr_line' id='line_1_12' title="bbox 141 1277 744 1361; baseline 0.008 -25"><span class='ocrx_word' id='word_1_46' title='bbox 141 1285 357 1357; x_wconf 82' lang='lat' dir='ltr'><em>prosequente.</em></span> <span class='ocrx_word' id='word_1_47' title='bbox 382 1277 480 1339; x_wconf 84' lang='lat' dir='ltr'><strong>abbas</strong></span> <span class='ocrx_word' id='word_1_48' title='bbox 504 1289 611 1341; x_wconf 83' lang='lat' dir='ltr'><strong>tarnen</strong></span> <span class='ocrx_word' id='word_1_49' title='bbox 632 1278 678 1361; x_wconf 90' lang='lat' dir='ltr'><strong>[p.</strong></span> <span class='ocrx_word' id='word_1_50' title='bbox 697 1293 744 1358; x_wconf 82' lang='lat'><strong>55.</strong></span> 
     </span>
     <span class='ocr_line' id='line_1_13' title="bbox 148 1362 744 1446; baseline 0.008 -23"><span class='ocrx_word' id='word_1_51' title='bbox 148 1362 318 1442; x_wconf 83' lang='lat' dir='ltr'><strong>quemlibet</strong></span> <span class='ocrx_word' id='word_1_52' title='bbox 339 1385 468 1427; x_wconf 83' lang='lat' dir='ltr'><strong>uersnrn</strong></span> <span class='ocrx_word' id='word_1_53' title='bbox 500 1365 643 1446; x_wconf 82' lang='lat' dir='ltr'><em>incipiat.</em></span> <span class='ocrx_word' id='word_1_54' title='bbox 688 1367 744 1428; x_wconf 91' lang='lat' dir='ltr'><strong>ln-</strong></span> 
     </span>
     <span class='ocr_line' id='line_1_14' title="bbox 148 1450 746 1514; baseline 0.007 -4"><span class='ocrx_word' id='word_1_55' title='bbox 148 1450 246 1511; x_wconf 86' lang='lat' dir='ltr'><strong>terim</strong></span> <span class='ocrx_word' id='word_1_56' title='bbox 277 1451 400 1513; x_wconf 90' lang='lat' dir='ltr'><strong>nauieii</strong></span> <span class='ocrx_word' id='word_1_57' title='bbox 435 1452 560 1514; x_wconf 81' lang='lat' dir='ltr'><strong>iaceant</strong></span> <span class='ocrx_word' id='word_1_58' title='bbox 589 1452 625 1513; x_wconf 89' lang='lat' dir='ltr'><strong>in</strong></span> <span class='ocrx_word' id='word_1_59' title='bbox 653 1462 746 1514; x_wconf 85' lang='lat' dir='ltr'><strong>carta</strong></span> 
     </span>
     <span class='ocr_line' id='line_1_15' title="bbox 147 1537 744 1618; baseline 0.007 -21"><span class='ocrx_word' id='word_1_60' title='bbox 147 1537 254 1598; x_wconf 81' lang='lat' dir='ltr'><strong>nenia.</strong></span> <span class='ocrx_word' id='word_1_61' title='bbox 278 1537 391 1599; x_wconf 88' lang='lat' dir='ltr'><strong>Finita</strong></span> <span class='ocrx_word' id='word_1_62' title='bbox 394 1559 495 1618; x_wconf 84' lang='lat' dir='ltr'><strong>ymno</strong></span> <span class='ocrx_word' id='word_1_63' title='bbox 509 1563 520 1602; x_wconf 95' lang='lat'><em>:</em></span> <span class='ocrx_word' id='word_1_64' title='bbox 542 1539 630 1601; x_wconf 79' lang='lat' dir='ltr'><strong>dieat</strong></span> <span class='ocrx_word' id='word_1_65' title='bbox 640 1538 744 1602; x_wconf 87' lang='lat' dir='ltr'><strong>abbas.</strong></span> 
     </span>
     <span class='ocr_line' id='line_1_16' title="bbox 149 1622 512 1688; baseline 0.008 -4"><span class='ocrx_word' id='word_1_66' title='bbox 149 1622 315 1687; x_wconf 89' lang='lat' dir='ltr'><strong>Dominus</strong></span> <span class='ocrx_word' id='word_1_67' title='bbox 331 1625 512 1688; x_wconf 88' lang='lat' dir='ltr'><strong>uobiscum.</strong></span> 
     </span>
    </p>
   </div>
   <div class='ocr_carea' id='block_1_4' title="bbox 378 1761 522 1826">
    <p class='ocr_par' dir='ltr' id='par_1_4' title="bbox 378 1761 522 1826">
     <span class='ocr_line' id='line_1_17' title="bbox 378 1761 522 1826; baseline 0 -1"><span class='ocrx_word' id='word_1_68' title='bbox 378 1761 522 1826; x_wconf 82' lang='lat' dir='ltr'><strong>Oramus.</strong></span> 
     </span>
    </p>
   </div>
   <div class='ocr_carea' id='block_1_5' title="bbox 200 1871 746 2042">
    <p class='ocr_par' dir='ltr' id='par_1_5' title="bbox 200 1871 746 2042">
     <span class='ocr_line' id='line_1_18' title="bbox 200 1871 745 1953; baseline 0.002 -20"><span class='ocrx_word' id='word_1_69' title='bbox 200 1871 311 1934; x_wconf 90' lang='lat' dir='ltr'><strong>Ancte</strong></span> <span class='ocrx_word' id='word_1_70' title='bbox 341 1872 476 1953; x_wconf 89' lang='lat' dir='ltr'><strong>spiritus</strong></span> <span class='ocrx_word' id='word_1_71' title='bbox 502 1872 559 1952; x_wconf 91' lang='lat' dir='ltr'><strong>qui</strong></span> <span class='ocrx_word' id='word_1_72' title='bbox 585 1882 618 1934; x_wconf 92' lang='lat' dir='ltr'><strong>te</strong></span> <span class='ocrx_word' id='word_1_73' title='bbox 645 1872 745 1935; x_wconf 91' lang='lat' dir='ltr'><strong>deum</strong></span> 
     </span>
     <span class='ocr_line' id='line_1_19' title="bbox 214 1959 746 2042; baseline 0 -22"><span class='ocrx_word' id='word_1_74' title='bbox 214 1978 252 2019; x_wconf 90' lang='lat' dir='ltr'><strong>ac</strong></span> <span class='ocrx_word' id='word_1_75' title='bbox 289 1959 462 2021; x_wconf 90' lang='lat' dir='ltr'><strong>dominum</strong></span> <span class='ocrx_word' id='word_1_76' title='bbox 497 1959 643 2021; x_wconf 87' lang='lat' dir='ltr'><strong>reuelare</strong></span> <span class='ocrx_word' id='word_1_77' title='bbox 674 1961 746 2042; x_wconf 91' lang='lat' dir='ltr'><strong>dig-</strong></span> 
     </span>
    </p>
   </div>
   <div class='ocr_carea' id='block_1_6' title="bbox 798 450 1405 667">
    <p class='ocr_par' dir='ltr' id='par_1_6' title="bbox 798 450 1405 667">
     <span class='ocr_line' id='line_1_20' title="bbox 1079 450 1119 516; baseline 0 -20"><span class='ocrx_word' id='word_1_78' title='bbox 1079 450 1119 516; x_wconf 85' lang='lat'><strong>32</strong></span> 
     </span>
     <span class='ocr_line' id='line_1_21' title="bbox 798 540 1405 667; baseline 0 -19"><span class='ocrx_word' id='word_1_79' title='bbox 798 585 895 648; x_wconf 90' lang='lat' dir='ltr'><strong>huius</strong></span> <span class='ocrx_word' id='word_1_80' title='bbox 911 587 1081 667; x_wconf 89' lang='lat' dir='ltr'><strong>propositi.</strong></span> <span class='ocrx_word' id='word_1_81' title='bbox 1096 586 1148 648; x_wconf 86' lang='lat' dir='ltr'><strong>sac</strong></span> <span class='ocrx_word' id='word_1_82' title='bbox 1158 540 1237 648; x_wconf 42' lang='lat' dir='ltr'><strong>e‘imm</strong></span> <span class='ocrx_word' id='word_1_83' title='bbox 1248 585 1405 649; x_wconf 83' lang='lat' dir='ltr'><strong>certatim</strong></span> 
     </span>
    </p>
   </div>
   <div class='ocr_carea' id='block_1_7' title="bbox 800 671 1404 736">
    <p class='ocr_par' dir='ltr' id='par_1_7' title="bbox 800 671 1404 736">
     <span class='ocr_line' id='line_1_22' title="bbox 800 671 1404 736; baseline 0.002 -2"><span class='ocrx_word' id='word_1_84' title='bbox 800 671 933 736; x_wconf 87' lang='lat' dir='ltr'><strong>feruere.</strong></span> <span class='ocrx_word' id='word_1_85' title='bbox 980 673 1020 735; x_wconf 93' lang='lat' dir='ltr'><strong>In</strong></span> <span class='ocrx_word' id='word_1_86' title='bbox 1052 672 1341 736; x_wconf 89' lang='lat' dir='ltr'><strong>tribulationibus.</strong></span> <span class='ocrx_word' id='word_1_87' title='bbox 1371 673 1404 735; x_wconf 92' lang='lat' dir='ltr'><strong>in</strong></span> 
     </span>
    </p>
   </div>
   <div class='ocr_carea' id='block_1_8' title="bbox 799 758 1404 883">
    <p class='ocr_par' dir='ltr' id='par_1_8' title="bbox 799 758 1404 883">
     <span class='ocr_line' id='line_1_23' title="bbox 799 758 1404 883; baseline 0.002 -62"><span class='ocrx_word' id='word_1_88' title='bbox 799 760 970 840; x_wconf 87' lang='lat' dir='ltr'><strong>angustiis.</strong></span> <span class='ocrx_word' id='word_1_89' title='bbox 1001 768 1059 883; x_wconf 62' lang='lat' dir='ltr'><strong>tua</strong></span> <span class='ocrx_word' id='word_1_90' title='bbox 1089 758 1294 883; x_wconf 48' lang='lat' dir='ltr'><strong>,indeficienti</strong></span> <span class='ocrx_word' id='word_1_91' title='bbox 1326 779 1404 822; x_wconf 89' lang='lat' dir='ltr'><strong>con·</strong></span> 
     </span>
     <span class='ocr_line' id='line_1_24' title="bbox 1058 847 1089 876; baseline 0 0"><span class='ocrx_word' id='word_1_92' title='bbox 1058 847 1089 876; x_wconf 67' lang='lat' dir='ltr'><strong>{nt</strong></span> 
     </span>
    </p>
   </div>
   <div class='ocr_carea' id='block_1_9' title="bbox 798 886 1403 1055">
    <p class='ocr_par' dir='ltr' id='par_1_9' title="bbox 798 886 1403 1055">
     <span class='ocr_line' id='line_1_25' title="bbox 798 886 1403 968; baseline 0.005 -21"><span class='ocrx_word' id='word_1_93' title='bbox 798 886 961 949; x_wconf 87' lang='lat' dir='ltr'><strong>solatione</strong></span> <span class='ocrx_word' id='word_1_94' title='bbox 997 887 1108 949; x_wconf 88' lang='lat' dir='ltr'><strong>ualeat</strong></span> <span class='ocrx_word' id='word_1_95' title='bbox 1144 887 1329 968; x_wconf 89' lang='lat' dir='ltr'><strong>respirare:</strong></span> <span class='ocrx_word' id='word_1_96' title='bbox 1370 896 1403 950; x_wconf 92' lang='lat' dir='ltr'><strong>et</strong></span> 
     </span>
     <span class='ocr_line' id='line_1_26' title="bbox 799 973 1403 1055; baseline 0.003 -21"><span class='ocrx_word' id='word_1_97' title='bbox 799 973 885 1035; x_wconf 90' lang='lat' dir='ltr'><strong>iuste</strong></span> <span class='ocrx_word' id='word_1_98' title='bbox 901 984 935 1035; x_wconf 90' lang='lat' dir='ltr'><strong>et</strong></span> <span class='ocrx_word' id='word_1_99' title='bbox 951 974 1005 1055; x_wconf 92' lang='lat' dir='ltr'><strong>pie</strong></span> <span class='ocrx_word' id='word_1_100' title='bbox 1020 993 1079 1054; x_wconf 87' lang='lat' dir='ltr'><strong>per</strong></span> <span class='ocrx_word' id='word_1_101' title='bbox 1093 993 1206 1036; x_wconf 89' lang='lat' dir='ltr'><strong>ueram</strong></span> <span class='ocrx_word' id='word_1_102' title='bbox 1229 973 1403 1036; x_wconf 88' lang='lat' dir='ltr'><strong>humilita-</strong></span> 
     </span>
    </p>
   </div>
   <div class='ocr_carea' id='block_1_10' title="bbox 801 1059 1404 1184">
    <p class='ocr_par' dir='ltr' id='par_1_10' title="bbox 801 1059 1404 1184">
     <span class='ocr_line' id='line_1_27' title="bbox 801 1059 1404 1184; baseline 0.005 -63"><span class='ocrx_word' id='word_1_103' title='bbox 801 1067 869 1121; x_wconf 90' lang='lat' dir='ltr'><strong>tem</strong></span> <span class='ocrx_word' id='word_1_104' title='bbox 895 1069 929 1122; x_wconf 88' lang='lat' dir='ltr'><strong>et</strong></span> <span class='ocrx_word' id='word_1_105' title='bbox 953 1060 1176 1184; x_wconf 50' lang='lat' dir='ltr'><strong>obedien‘ttniam</strong></span> <span class='ocrx_word' id='word_1_106' title='bbox 1204 1060 1237 1121; x_wconf 93' lang='lat' dir='ltr'><strong>in</strong></span> <span class='ocrx_word' id='word_1_107' title='bbox 1254 1059 1404 1124; x_wconf 81' lang='lat' dir='ltr'><strong>fraterna</strong></span> 
     </span>
    </p>
   </div>
   <div class='ocr_carea' id='block_1_11' title="bbox 798 1187 1402 1311">
    <p class='ocr_par' dir='ltr' id='par_1_11' title="bbox 798 1187 1402 1311">
     <span class='ocr_line' id='line_1_28' title="bbox 798 1187 1402 1311; baseline 0.003 -63"><span class='ocrx_word' id='word_1_108' title='bbox 798 1187 936 1249; x_wconf 85' lang='lat' dir='ltr'><strong>caritate</strong></span> <span class='ocrx_word' id='word_1_109' title='bbox 966 1187 1131 1311; x_wconf 63' lang='lat' dir='ltr'><strong>fundatps.</strong></span> <span class='ocrx_word' id='word_1_110' title='bbox 1156 1189 1247 1268; x_wconf 91' lang='lat' dir='ltr'><strong>quod</strong></span> <span class='ocrx_word' id='word_1_111' title='bbox 1275 1197 1310 1250; x_wconf 89' lang='lat' dir='ltr'><strong>te</strong></span> <span class='ocrx_word' id='word_1_112' title='bbox 1342 1189 1402 1250; x_wconf 92' lang='lat' dir='ltr'><strong>do·</strong></span> 
     </span>
    </p>
   </div>
   <div class='ocr_carea' id='block_1_12' title="bbox 796 1313 1400 1439">
    <p class='ocr_par' dir='ltr' id='par_1_12' title="bbox 796 1313 1400 1439">
     <span class='ocr_line' id='line_1_29' title="bbox 796 1313 1400 1439; baseline 0.003 -64"><span class='ocrx_word' id='word_1_113' title='bbox 796 1322 898 1376; x_wconf 87' lang='lat' dir='ltr'><strong>nante</strong></span> <span class='ocrx_word' id='word_1_114' title='bbox 943 1315 1115 1439; x_wconf 61' lang='lat' dir='ltr'><strong>promittit.</strong></span> <span class='ocrx_word' id='word_1_115' title='bbox 1133 1313 1239 1438; x_wconf 55' lang='lat' dir='ltr'><strong>„fenei</strong></span> <span class='ocrx_word' id='word_1_116' title='bbox 1284 1335 1400 1395; x_wconf 91' lang='lat' dir='ltr'><strong>perse-</strong></span> 
     </span>
    </p>
   </div>
   <div class='ocr_carea' id='block_1_13' title="bbox 795 1440 1405 2041">
    <p class='ocr_par' dir='ltr' id='par_1_13' title="bbox 795 1440 1405 2041">
     <span class='ocr_line' id='line_1_30' title="bbox 796 1440 1400 1523; baseline 0.007 -22"><span class='ocrx_word' id='word_1_117' title='bbox 796 1440 946 1503; x_wconf 91' lang='lat' dir='ltr'><strong>uerantia</strong></span> <span class='ocrx_word' id='word_1_118' title='bbox 983 1440 1157 1521; x_wconf 89' lang='lat' dir='ltr'><strong>compleat.</strong></span> <span class='ocrx_word' id='word_1_119' title='bbox 1195 1442 1287 1522; x_wconf 91' lang='lat' dir='ltr'><strong>quod</strong></span> <span class='ocrx_word' id='word_1_120' title='bbox 1328 1442 1400 1523; x_wconf 91' lang='lat' dir='ltr'><strong>ipse</strong></span> 
     </span>
     <span class='ocr_line' id='line_1_31' title="bbox 795 1528 1401 1609; baseline 0.003 -20"><span class='ocrx_word' id='word_1_121' title='bbox 795 1537 942 1608; x_wconf 85' lang='lat' dir='ltr'><strong>prestare</strong></span> <span class='ocrx_word' id='word_1_122' title='bbox 964 1528 1130 1609; x_wconf 87' lang='lat' dir='ltr'><strong>digneris:</strong></span> <span class='ocrx_word' id='word_1_123' title='bbox 1153 1528 1210 1608; x_wconf 92' lang='lat' dir='ltr'><strong>qui</strong></span> <span class='ocrx_word' id='word_1_124' title='bbox 1232 1548 1310 1590; x_wconf 92' lang='lat' dir='ltr'><strong>cum</strong></span> <span class='ocrx_word' id='word_1_125' title='bbox 1337 1530 1401 1591; x_wconf 91' lang='lat' dir='ltr'><strong>deo</strong></span> 
     </span>
     <span class='ocr_line' id='line_1_32' title="bbox 797 1614 1399 1695; baseline 0.003 -20"><span class='ocrx_word' id='word_1_126' title='bbox 797 1624 898 1694; x_wconf 89' lang='lat' dir='ltr'><strong>patre.</strong></span> <span class='ocrx_word' id='word_1_127' title='bbox 923 1624 1105 1695; x_wconf 89' lang='lat' dir='ltr'><strong>sanctoque</strong></span> <span class='ocrx_word' id='word_1_128' title='bbox 1132 1614 1305 1695; x_wconf 87' lang='lat' dir='ltr'><strong>unigenito</strong></span> <span class='ocrx_word' id='word_1_129' title='bbox 1330 1614 1399 1678; x_wconf 89' lang='lat' dir='ltr'><strong>filio</strong></span> 
     </span>
     <span class='ocr_line' id='line_1_33' title="bbox 797 1700 1398 1764; baseline 0.005 -3"><span class='ocrx_word' id='word_1_130' title='bbox 797 1700 866 1762; x_wconf 91' lang='lat' dir='ltr'><strong>eius</strong></span> <span class='ocrx_word' id='word_1_131' title='bbox 879 1701 1016 1763; x_wconf 89' lang='lat' dir='ltr'><strong>domino</strong></span> <span class='ocrx_word' id='word_1_132' title='bbox 1028 1710 1142 1763; x_wconf 92' lang='lat' dir='ltr'><strong>nostro</strong></span> <span class='ocrx_word' id='word_1_133' title='bbox 1158 1701 1250 1763; x_wconf 92' lang='lat' dir='ltr'><strong>ihesu</strong></span> <span class='ocrx_word' id='word_1_134' title='bbox 1263 1701 1398 1764; x_wconf 77' lang='lat' dir='ltr'><strong>christo,</strong></span> 
     </span>
     <span class='ocr_line' id='line_1_34' title="bbox 797 1788 1401 1869; baseline 0.003 -20"><span class='ocrx_word' id='word_1_135' title='bbox 797 1788 882 1850; x_wconf 89' lang='lat' dir='ltr'><strong>uiuis</strong></span> <span class='ocrx_word' id='word_1_136' title='bbox 898 1796 932 1849; x_wconf 91' lang='lat' dir='ltr'><strong>et</strong></span> <span class='ocrx_word' id='word_1_137' title='bbox 947 1788 1097 1869; x_wconf 86' lang='lat' dir='ltr'><strong>gloriaris</strong></span> <span class='ocrx_word' id='word_1_138' title='bbox 1112 1788 1194 1850; x_wconf 89' lang='lat' dir='ltr'><strong>deus</strong></span> <span class='ocrx_word' id='word_1_139' title='bbox 1210 1808 1269 1868; x_wconf 92' lang='lat' dir='ltr'><strong>per</strong></span> <span class='ocrx_word' id='word_1_140' title='bbox 1284 1791 1401 1851; x_wconf 91' lang='lat' dir='ltr'><strong>omnia</strong></span> 
     </span>
     <span class='ocr_line' id='line_1_35' title="bbox 798 1874 1402 1956; baseline 0.003 -21"><span class='ocrx_word' id='word_1_141' title='bbox 798 1874 909 1936; x_wconf 90' lang='lat' dir='ltr'><strong>secula</strong></span> <span class='ocrx_word' id='word_1_142' title='bbox 945 1875 1139 1937; x_wconf 91' lang='lat' dir='ltr'><strong>seculorum.</strong></span> <span class='ocrx_word' id='word_1_143' title='bbox 1176 1874 1229 1936; x_wconf 84' lang='lat' dir='ltr'><strong>liic</strong></span> <span class='ocrx_word' id='word_1_144' title='bbox 1256 1884 1402 1956; x_wconf 78' lang='lat' dir='ltr'><strong>surgant</strong></span> 
     </span>
     <span class='ocr_line' id='line_1_36' title="bbox 797 1961 1405 2041; baseline 0.003 -19"><span class='ocrx_word' id='word_1_145' title='bbox 797 1961 920 2023; x_wconf 90' lang='lat' dir='ltr'><strong>nanieii</strong></span> <span class='ocrx_word' id='word_1_146' title='bbox 932 1970 963 2023; x_wconf 90' lang='lat' dir='ltr'><strong>et</strong></span> <span class='ocrx_word' id='word_1_147' title='bbox 968 1970 1098 2041; x_wconf 80' lang='lat' dir='ltr'><strong>panant</strong></span> <span class='ocrx_word' id='word_1_148' title='bbox 1110 1961 1250 2023; x_wconf 85' lang='lat' dir='ltr'><strong>cucullas</strong></span> <span class='ocrx_word' id='word_1_149' title='bbox 1262 1982 1345 2023; x_wconf 90' lang='lat' dir='ltr'><strong>snas</strong></span> <span class='ocrx_word' id='word_1_150' title='bbox 1356 1962 1405 2024; x_wconf 84' lang='lat' dir='ltr'><strong>aa&#39;</strong></span> 
     </span>
    </p>
   </div>
   <div class='ocr_carea' id='block_1_14' title="bbox 147 2044 1399 2128">
    <p class='ocr_par' dir='ltr' id='par_1_14' title="bbox 147 2044 1399 2128">
     <span class='ocr_line' id='line_1_37' title="bbox 147 2044 1399 2128; baseline 0.004 -23"><span class='ocrx_word' id='word_1_151' title='bbox 147 2055 246 2106; x_wconf 90' lang='lat' dir='ltr'><strong>natus</strong></span> <span class='ocrx_word' id='word_1_152' title='bbox 257 2065 291 2105; x_wconf 91' lang='lat' dir='ltr'><strong>es</strong></span> <span class='ocrx_word' id='word_1_153' title='bbox 308 2044 523 2107; x_wconf 85' lang='lat' dir='ltr'><strong>mortalibus:</strong></span> <span class='ocrx_word' id='word_1_154' title='bbox 548 2047 745 2109; x_wconf 86' lang='lat' dir='ltr'><strong>immensam</strong></span> <span class='ocrx_word' id='word_1_155' title='bbox 787 2047 886 2128; x_wconf 77' lang='lat' dir='ltr'><strong>pedes</strong></span> <span class='ocrx_word' id='word_1_156' title='bbox 898 2046 1031 2110; x_wconf 77' lang='lat' dir='ltr'><strong>abbates.</strong></span> <span class='ocrx_word' id='word_1_157' title='bbox 1076 2046 1189 2109; x_wconf 83' lang='lat' dir='ltr'><strong>Abbas</strong></span> <span class='ocrx_word' id='word_1_158' title='bbox 1210 2068 1286 2110; x_wconf 80' lang='lat' dir='ltr'><strong>nero</strong></span> <span class='ocrx_word' id='word_1_159' title='bbox 1308 2049 1399 2111; x_wconf 83' lang='lat' dir='ltr'><strong>bene·</strong></span> 
     </span>
    </p>
   </div>
   <div class='ocr_carea' id='block_1_15' title="bbox 146 2131 745 2450">
    <p class='ocr_par' dir='ltr' id='par_1_15' title="bbox 146 2131 745 2450">
     <span class='ocr_line' id='line_1_38' title="bbox 146 2131 745 2225; baseline 0.003 -32"><span class='ocrx_word' id='word_1_160' title='bbox 146 2139 202 2193; x_wconf 90' lang='lat' dir='ltr'><strong>tue</strong></span> <span class='ocrx_word' id='word_1_161' title='bbox 218 2131 351 2211; x_wconf 90' lang='lat' dir='ltr'><strong>pietatis</strong></span> <span class='ocrx_word' id='word_1_162' title='bbox 366 2133 507 2213; x_wconf 83' lang='lat' dir='ltr'><strong>gratiam</strong></span> <span class='ocrx_word' id='word_1_163' title='bbox 531 2133 745 2225; x_wconf 80' lang='lat' dir='ltr'><strong>postulamus.</strong></span> 
     </span>
     <span class='ocr_line' id='line_1_39' title="bbox 147 2218 745 2339; baseline 0.007 -21"><span class='ocrx_word' id='word_1_164' title='bbox 147 2266 183 2318; x_wconf 93' lang='lat' dir='ltr'><strong>ut</strong></span> <span class='ocrx_word' id='word_1_165' title='bbox 199 2258 283 2319; x_wconf 90' lang='lat' dir='ltr'><strong>sicut</strong></span> <span class='ocrx_word' id='word_1_166' title='bbox 299 2258 355 2320; x_wconf 92' lang='lat' dir='ltr'><strong>ubi</strong></span> <span class='ocrx_word' id='word_1_167' title='bbox 368 2259 418 2320; x_wconf 91' lang='lat' dir='ltr'><strong>uis</strong></span> <span class='ocrx_word' id='word_1_168' title='bbox 428 2261 532 2339; x_wconf 89' lang='lat' dir='ltr'><strong>spiras</strong></span> <span class='ocrx_word' id='word_1_169' title='bbox 546 2283 552 2321; x_wconf 94' lang='lat'>:</span> <span class='ocrx_word' id='word_1_170' title='bbox 568 2260 614 2321; x_wconf 91' lang='lat' dir='ltr'><strong>sic</strong></span> <span class='ocrx_word' id='word_1_171' title='bbox 624 2269 658 2321; x_wconf 90' lang='lat' dir='ltr'><strong>et</strong></span> <span class='ocrx_word' id='word_1_172' title='bbox 668 2218 745 2323; x_wconf 71' lang='lat' dir='ltr'><strong>hii&#39;c</strong></span> 
     </span>
     <span class='ocr_line' id='line_1_40' title="bbox 148 2340 744 2450; baseline 0.007 -5"><span class='ocrx_word' id='word_1_173' title='bbox 148 2340 273 2447; x_wconf 57' lang='lat' dir='ltr'><strong>samuid)</strong></span> <span class='ocrx_word' id='word_1_174' title='bbox 303 2341 361 2448; x_wconf 70' lang='lat' dir='ltr'><strong>tuii</strong></span> <span class='ocrx_word' id='word_1_175' title='bbox 393 2386 432 2447; x_wconf 92' lang='lat' dir='ltr'><strong>N.</strong></span> <span class='ocrx_word' id='word_1_176' title='bbox 461 2385 616 2448; x_wconf 85' lang='lat' dir='ltr'><strong>affectum</strong></span> <span class='ocrx_word' id='word_1_177' title='bbox 644 2389 744 2450; x_wconf 92' lang='lat' dir='ltr'><strong>deuo-</strong></span> 
     </span>
    </p>
   </div>
   <div class='ocr_carea' id='block_1_16' title="bbox 148 2471 744 2597">
    <p class='ocr_par' dir='ltr' id='par_1_16' title="bbox 148 2471 744 2597">
     <span class='ocr_line' id='line_1_41' title="bbox 148 2471 744 2597; baseline 0.007 -65"><span class='ocrx_word' id='word_1_178' title='bbox 148 2471 248 2533; x_wconf 89' lang='lat' dir='ltr'><strong>tionis</strong></span> <span class='ocrx_word' id='word_1_179' title='bbox 264 2472 446 2596; x_wconf 67' lang='lat' dir='ltr'><strong>indplgeas.</strong></span> <span class='ocrx_word' id='word_1_180' title='bbox 464 2482 496 2534; x_wconf 93' lang='lat' dir='ltr'><strong>et</strong></span> <span class='ocrx_word' id='word_1_181' title='bbox 506 2473 669 2597; x_wconf 45' lang='lat' dir='ltr'><strong>(quoniam</strong></span> <span class='ocrx_word' id='word_1_182' title='bbox 686 2484 744 2536; x_wconf 91' lang='lat' dir='ltr'><strong>tua</strong></span> 
     </span>
     <span class='ocr_line' id='line_1_42' title="bbox 335 2556 525 2589; baseline 0 0"><span class='ocrx_word' id='word_1_183' title='bbox 335 2561 376 2589; x_wconf 86' lang='lat' dir='ltr'><strong>sunt</strong></span> <span class='ocrx_word' id='word_1_184' title='bbox 512 2556 525 2589; x_wconf 90' lang='lat' dir='ltr'><strong>ti</strong></span> 
     </span>
    </p>
   </div>
   <div class='ocr_carea' id='block_1_17' title="bbox 147 2599 744 2681">
    <p class='ocr_par' dir='ltr' id='par_1_17' title="bbox 147 2599 744 2681">
     <span class='ocr_line' id='line_1_43' title="bbox 147 2599 744 2681; baseline 0.008 -22"><span class='ocrx_word' id='word_1_185' title='bbox 147 2599 311 2680; x_wconf 86' lang='lat' dir='ltr'><strong>sapientia</strong></span> <span class='ocrx_word' id='word_1_186' title='bbox 326 2610 376 2662; x_wconf 91' lang='lat' dir='ltr'><strong>est</strong></span> <span class='ocrx_word' id='word_1_187' title='bbox 393 2600 565 2662; x_wconf 89' lang='lat' dir='ltr'><strong>conditus:</strong></span> <span class='ocrx_word' id='word_1_188' title='bbox 589 2609 646 2662; x_wconf 89' lang='lat' dir='ltr'><strong>tua</strong></span> <span class='ocrx_word' id='word_1_189' title='bbox 662 2622 744 2681; x_wconf 91' lang='lat' dir='ltr'><strong>quo-</strong></span> 
     </span>
    </p>
   </div>
   <div class='ocr_carea' id='block_1_18' title="bbox 559 2684 737 2726">
    <p class='ocr_par' dir='ltr' id='par_1_18' title="bbox 559 2684 737 2726">
     <span class='ocr_line' id='line_1_44' title="bbox 559 2684 737 2726; baseline 0.006 -9"><span class='ocrx_word' id='word_1_190' title='bbox 559 2684 636 2725; x_wconf 78' lang='lat' dir='ltr'><strong>lnenturl</strong></span> <span class='ocrx_word' id='word_1_191' title='bbox 680 2685 737 2726; x_wconf 76' lang='lat' dir='ltr'><strong>(quos)</strong></span> 
     </span>
    </p>
   </div>
   <div class='ocr_carea' id='block_1_19' title="bbox 146 2727 744 3311">
    <p class='ocr_par' dir='ltr' id='par_1_19' title="bbox 146 2727 744 3311">
     <span class='ocr_line' id='line_1_45' title="bbox 147 2727 743 2808; baseline 0.005 -21"><span class='ocrx_word' id='word_1_192' title='bbox 147 2746 211 2806; x_wconf 92' lang='lat' dir='ltr'><strong>que</strong></span> <span class='ocrx_word' id='word_1_193' title='bbox 221 2727 431 2807; x_wconf 87' lang='lat' dir='ltr'><strong>prouidentia</strong></span> <span class='ocrx_word' id='word_1_194' title='bbox 441 2727 743 2808; x_wconf 91' lang='lat' dir='ltr'><strong>guberneturquem</strong></span> 
     </span>
     <span class='ocr_line' id='line_1_46' title="bbox 147 2813 744 2896; baseline 0.005 -22"><span class='ocrx_word' id='word_1_195' title='bbox 147 2813 242 2875; x_wconf 88' lang='lat' dir='ltr'><strong>iuxta</strong></span> <span class='ocrx_word' id='word_1_196' title='bbox 274 2815 334 2875; x_wconf 90' lang='lat' dir='ltr'><strong>tibi</strong></span> <span class='ocrx_word' id='word_1_197' title='bbox 372 2824 565 2876; x_wconf 89' lang='lat' dir='ltr'><strong>consuetam</strong></span> <span class='ocrx_word' id='word_1_198' title='bbox 602 2816 744 2896; x_wconf 85' lang='lat' dir='ltr'><strong>gratiam</strong></span> 
     </span>
     <span class='ocr_line' id='line_1_47' title="bbox 148 2901 743 2964; baseline 0.007 -4"><span class='ocrx_word' id='word_1_199' title='bbox 148 2901 261 2961; x_wconf 91' lang='lat' dir='ltr'><strong>unctio</strong></span> <span class='ocrx_word' id='word_1_200' title='bbox 284 2911 342 2962; x_wconf 90' lang='lat' dir='ltr'><strong>tua</strong></span> <span class='ocrx_word' id='word_1_201' title='bbox 372 2902 414 2962; x_wconf 88' lang='lat' dir='ltr'><strong>de</strong></span> <span class='ocrx_word' id='word_1_202' title='bbox 437 2902 593 2963; x_wconf 91' lang='lat' dir='ltr'><strong>omnibus</strong></span> <span class='ocrx_word' id='word_1_203' title='bbox 621 2902 743 2964; x_wconf 93' lang='lat' dir='ltr'><strong>doceat</strong></span> 
     </span>
     <span class='ocr_line' id='line_1_48' title="bbox 148 2988 743 3067; baseline 0.003 -19"><span class='ocrx_word' id='word_1_204' title='bbox 148 2995 181 3048; x_wconf 92' lang='lat' dir='ltr'><strong>et</strong></span> <span class='ocrx_word' id='word_1_205' title='bbox 212 3008 270 3067; x_wconf 90' lang='lat' dir='ltr'><strong>per</strong></span> <span class='ocrx_word' id='word_1_206' title='bbox 294 2988 561 3049; x_wconf 88' lang='lat' dir='ltr'><strong>intercessionem</strong></span> <span class='ocrx_word' id='word_1_207' title='bbox 594 2988 743 3050; x_wconf 88' lang='lat' dir='ltr'><strong>beatissi-</strong></span> 
     </span>
     <span class='ocr_line' id='line_1_49' title="bbox 148 3072 743 3157; baseline 0.008 -24"><span class='ocrx_word' id='word_1_208' title='bbox 148 3073 193 3134; x_wconf 92' lang='lat' dir='ltr'><strong>mi</strong></span> <span class='ocrx_word' id='word_1_209' title='bbox 218 3072 392 3136; x_wconf 89' lang='lat' dir='ltr'><strong>benedicti.</strong></span> <span class='ocrx_word' id='word_1_210' title='bbox 423 3094 522 3154; x_wconf 90' lang='lat' dir='ltr'><strong>quem</strong></span> <span class='ocrx_word' id='word_1_211' title='bbox 550 3076 743 3157; x_wconf 90' lang='lat' dir='ltr'><strong>precipuum</strong></span> 
     </span>
     <span class='ocr_line' id='line_1_50' title="bbox 149 3159 743 3243; baseline 0.007 -23"><span class='ocrx_word' id='word_1_212' title='bbox 149 3159 246 3220; x_wconf 91' lang='lat' dir='ltr'><strong>huius</strong></span> <span class='ocrx_word' id='word_1_213' title='bbox 269 3170 382 3223; x_wconf 89' lang='lat' dir='ltr'><strong>sancte</strong></span> <span class='ocrx_word' id='word_1_214' title='bbox 403 3161 619 3222; x_wconf 88' lang='lat' dir='ltr'><strong>institutionis</strong></span> <span class='ocrx_word' id='word_1_215' title='bbox 646 3163 743 3243; x_wconf 91' lang='lat' dir='ltr'><strong>legis-</strong></span> 
     </span>
     <span class='ocr_line' id='line_1_51' title="bbox 146 3245 743 3311; baseline 0.007 -4"><span class='ocrx_word' id='word_1_216' title='bbox 146 3245 286 3308; x_wconf 90' lang='lat' dir='ltr'><strong>latorem</strong></span> <span class='ocrx_word' id='word_1_217' title='bbox 310 3247 438 3308; x_wconf 89' lang='lat' dir='ltr'><strong>dedisti.</strong></span> <span class='ocrx_word' id='word_1_218' title='bbox 456 3268 582 3309; x_wconf 90' lang='lat' dir='ltr'><strong>necnon</strong></span> <span class='ocrx_word' id='word_1_219' title='bbox 607 3258 639 3311; x_wconf 90' lang='lat' dir='ltr'><strong>et</strong></span> <span class='ocrx_word' id='word_1_220' title='bbox 664 3250 743 3311; x_wconf 88' lang='lat' dir='ltr'><strong>alio·</strong></span> 
     </span>
    </p>
   </div>
   <div class='ocr_carea' id='block_1_20' title="bbox 148 3334 743 3458">
    <p class='ocr_par' dir='ltr' id='par_1_20' title="bbox 148 3334 743 3458">
     <span class='ocr_line' id='line_1_52' title="bbox 148 3334 743 3457; baseline 0.007 -63"><span class='ocrx_word' id='word_1_221' title='bbox 148 3353 221 3395; x_wconf 90' lang='lat' dir='ltr'><strong>rum</strong></span> <span class='ocrx_word' id='word_1_222' title='bbox 238 3342 437 3395; x_wconf 90' lang='lat' dir='ltr'><strong>sanctorum.</strong></span> <span class='ocrx_word' id='word_1_223' title='bbox 454 3334 495 3457; x_wconf 72' lang='lat' dir='ltr'><strong>ad</strong></span> <span class='ocrx_word' id='word_1_224' title='bbox 520 3354 660 3457; x_wconf 73' lang='lat' dir='ltr'><strong>qporum</strong></span> <span class='ocrx_word' id='word_1_225' title='bbox 685 3357 743 3399; x_wconf 88' lang='lat' dir='ltr'><strong>no-</strong></span> 
     </span>
     <span class='ocr_line' id='line_1_53' title="bbox 493 3416 612 3458; baseline 0.008 -8"><span class='ocrx_word' id='word_1_226' title='bbox 493 3416 541 3451; x_wconf 89' lang='lat' dir='ltr'><strong>clunt</strong></span> <span class='ocrx_word' id='word_1_227' title='bbox 580 3419 612 3458; x_wconf 68' lang='grc' dir='ltr'><strong>(οε)</strong></span> 
     </span>
    </p>
   </div>
   <div class='ocr_carea' id='block_1_21' title="bbox 146 3459 744 3802">
    <p class='ocr_par' dir='ltr' id='par_1_21' title="bbox 146 3459 744 3802">
     <span class='ocr_line' id='line_1_54' title="bbox 148 3459 743 3544; baseline 0.003 -22"><span class='ocrx_word' id='word_1_228' title='bbox 148 3460 238 3522; x_wconf 88' lang='lat' dir='ltr'><strong>mina</strong></span> <span class='ocrx_word' id='word_1_229' title='bbox 248 3459 457 3544; x_wconf 63' lang='lat' dir='ltr'><strong>petistionem</strong></span> <span class='ocrx_word' id='word_1_230' title='bbox 468 3460 546 3523; x_wconf 89' lang='lat' dir='ltr'><strong>facit</strong></span> <span class='ocrx_word' id='word_1_231' title='bbox 556 3482 632 3523; x_wconf 90' lang='lat' dir='ltr'><strong>eum</strong></span> <span class='ocrx_word' id='word_1_232' title='bbox 644 3461 687 3543; x_wconf 86' lang='lat' dir='ltr'><strong>[p.</strong></span> <span class='ocrx_word' id='word_1_233' title='bbox 693 3461 743 3541; x_wconf 83' lang='lat'><strong>56.</strong></span> 
     </span>
     <span class='ocr_line' id='line_1_55' title="bbox 147 3547 743 3611; baseline 0.003 -2"><span class='ocrx_word' id='word_1_234' title='bbox 147 3548 331 3609; x_wconf 88' lang='lat' dir='ltr'><strong>auanitate</strong></span> <span class='ocrx_word' id='word_1_235' title='bbox 354 3547 454 3609; x_wconf 89' lang='lat' dir='ltr'><strong>seculi</strong></span> <span class='ocrx_word' id='word_1_236' title='bbox 478 3549 639 3610; x_wconf 89' lang='lat' dir='ltr'><strong>ueraciter</strong></span> <span class='ocrx_word' id='word_1_237' title='bbox 665 3570 743 3611; x_wconf 90' lang='lat' dir='ltr'><strong>con-</strong></span> 
     </span>
     <span class='ocr_line' id='line_1_56' title="bbox 148 3635 744 3717; baseline 0.007 -22"><span class='ocrx_word' id='word_1_238' title='bbox 148 3643 259 3696; x_wconf 89' lang='lat' dir='ltr'><strong>uerte:</strong></span> <span class='ocrx_word' id='word_1_239' title='bbox 282 3644 315 3695; x_wconf 92' lang='lat' dir='ltr'><strong>et</strong></span> <span class='ocrx_word' id='word_1_240' title='bbox 331 3635 415 3697; x_wconf 90' lang='lat' dir='ltr'><strong>sicut</strong></span> <span class='ocrx_word' id='word_1_241' title='bbox 438 3655 473 3696; x_wconf 92' lang='lat' dir='ltr'><strong>es</strong></span> <span class='ocrx_word' id='word_1_242' title='bbox 496 3636 645 3697; x_wconf 92' lang='lat' dir='ltr'><strong>omnium</strong></span> <span class='ocrx_word' id='word_1_243' title='bbox 669 3657 744 3717; x_wconf 89' lang='lat' dir='ltr'><strong>pec-</strong></span> 
     </span>
     <span class='ocr_line' id='line_1_57' title="bbox 146 3722 744 3802; baseline 0.007 -21"><span class='ocrx_word' id='word_1_244' title='bbox 146 3730 296 3783; x_wconf 90' lang='lat' dir='ltr'><strong>catorum</strong></span> <span class='ocrx_word' id='word_1_245' title='bbox 335 3722 483 3783; x_wconf 89' lang='lat' dir='ltr'><strong>remissio</strong></span> <span class='ocrx_word' id='word_1_246' title='bbox 521 3723 744 3802; x_wconf 88' lang='lat' dir='ltr'><strong>deprimentes</strong></span> 
     </span>
    </p>
   </div>
   <div class='ocr_carea' id='block_1_22' title="bbox 631 3806 669 3847">
    <p class='ocr_par' dir='ltr' id='par_1_22' title="bbox 631 3806 669 3847">
     <span class='ocr_line' id='line_1_58' title="bbox 631 3806 669 3847; baseline 0 -8"><span class='ocrx_word' id='word_1_247' title='bbox 631 3806 669 3847; x_wconf 75' lang='lat' dir='ltr'><strong>(eis)</strong></span> 
     </span>
    </p>
   </div>
   <div class='ocr_carea' id='block_1_23' title="bbox 147 3847 745 4000">
    <p class='ocr_par' dir='ltr' id='par_1_23' title="bbox 147 3847 745 4000">
     <span class='ocr_line' id='line_1_59' title="bbox 148 3847 745 3929; baseline 0.005 -20"><span class='ocrx_word' id='word_1_248' title='bbox 148 3847 328 3929; x_wconf 90' lang='lat' dir='ltr'><strong>impietatis</strong></span> <span class='ocrx_word' id='word_1_249' title='bbox 345 3849 566 3929; x_wconf 86' lang='lat' dir='ltr'><strong>obligationes</strong></span> <span class='ocrx_word' id='word_1_250' title='bbox 581 3850 614 3910; x_wconf 89' lang='lat' dir='ltr'><strong>in</strong></span> <span class='ocrx_word' id='word_1_251' title='bbox 630 3870 670 3911; x_wconf 92' lang='lat' dir='ltr'><strong>eo</strong></span> <span class='ocrx_word' id='word_1_252' title='bbox 680 3851 745 3913; x_wconf 90' lang='lat' dir='ltr'><strong>dis-</strong></span> 
     </span>
     <span class='ocr_line' id='line_1_60' title="bbox 147 3934 745 4000; baseline 0.007 -6"><span class='ocrx_word' id='word_1_253' title='bbox 147 3934 250 3997; x_wconf 92' lang='lat' dir='ltr'><strong>solue.</strong></span> <span class='ocrx_word' id='word_1_254' title='bbox 267 3944 300 3997; x_wconf 90' lang='lat' dir='ltr'><strong>et</strong></span> <span class='ocrx_word' id='word_1_255' title='bbox 317 3937 359 3998; x_wconf 89' lang='lat' dir='ltr'><strong>ad</strong></span> <span class='ocrx_word' id='word_1_256' title='bbox 376 3934 622 3998; x_wconf 88' lang='lat' dir='ltr'><strong>obseruantiam</strong></span> <span class='ocrx_word' id='word_1_257' title='bbox 639 3939 745 4000; x_wconf 90' lang='lat' dir='ltr'><strong>sancti</strong></span> 
     </span>
    </p>
   </div>
   <div class='ocr_carea' id='block_1_24' title="bbox 145 4058 749 4516">
    <p class='ocr_par' dir='ltr' id='par_1_24' title="bbox 145 4058 748 4241">
     <span class='ocr_line' id='line_1_61' title="bbox 180 4058 748 4114; baseline 0.009 -5"><span class='ocrx_word' id='word_1_258' title='bbox 180 4058 230 4097; x_wconf 88' lang='lat'><strong>¹—¹</strong></span> <span class='ocrx_word' id='word_1_259' title='bbox 248 4063 337 4111; x_wconf 76' lang='lat' dir='ltr'><strong>lt&#39;ated.</strong></span> <span class='ocrx_word' id='word_1_260' title='bbox 373 4063 485 4112; x_wconf 87' lang='lat' dir='ltr'><strong>Another</strong></span> <span class='ocrx_word' id='word_1_261' title='bbox 491 4063 559 4112; x_wconf 91' lang='lat' dir='ltr'><strong>hand</strong></span> <span class='ocrx_word' id='word_1_262' title='bbox 571 4064 615 4112; x_wconf 87' lang='lat' dir='ltr'><strong>has</strong></span> <span class='ocrx_word' id='word_1_263' title='bbox 627 4065 709 4114; x_wconf 91' lang='lat' dir='ltr'><strong>added</strong></span> <span class='ocrx_word' id='word_1_264' title='bbox 721 4066 748 4114; x_wconf 89' lang='lat' dir='ltr'><strong>in</strong></span> 
     </span>
     <span class='ocr_line' id='line_1_62' title="bbox 145 4127 748 4191; baseline 0.01 -17"><span class='ocrx_word' id='word_1_265' title='bbox 145 4127 188 4175; x_wconf 90' lang='lat' dir='ltr'><strong>the</strong></span> <span class='ocrx_word' id='word_1_266' title='bbox 211 4128 307 4191; x_wconf 87' lang='lat' dir='ltr'><strong>margin</strong></span> <span class='ocrx_word' id='word_1_267' title='bbox 334 4127 377 4177; x_wconf 88' lang='lat' dir='ltr'><strong>the</strong></span> <span class='ocrx_word' id='word_1_268' title='bbox 402 4128 454 4177; x_wconf 87' lang='lat' dir='ltr'><strong>first</strong></span> <span class='ocrx_word' id='word_1_269' title='bbox 476 4128 539 4178; x_wconf 89' lang='lat' dir='ltr'><strong>lines</strong></span> <span class='ocrx_word' id='word_1_270' title='bbox 562 4129 591 4177; x_wconf 85' lang='lat' dir='ltr'><strong>os</strong></span> <span class='ocrx_word' id='word_1_271' title='bbox 609 4129 652 4178; x_wconf 88' lang='lat' dir='ltr'><strong>the</strong></span> <span class='ocrx_word' id='word_1_272' title='bbox 676 4130 748 4180; x_wconf 89' lang='lat' dir='ltr'><strong>other</strong></span> 
     </span>
     <span class='ocr_line' id='line_1_63' title="bbox 145 4208 279 4241; baseline 0.022 -2"><span class='ocrx_word' id='word_1_273' title='bbox 145 4208 228 4241; x_wconf 83' lang='lat' dir='ltr'><strong>verses</strong></span> <span class='ocrx_word' id='word_1_274' title='bbox 239 4212 279 4241; x_wconf 90' lang='lat'><strong>:—</strong></span> 
     </span>
    </p>

    <p class='ocr_par' dir='ltr' id='par_1_25' title="bbox 146 4257 749 4516">
     <span class='ocr_line' id='line_1_64' title="bbox 180 4257 749 4322; baseline 0.009 -17"><span class='ocrx_word' id='word_1_275' title='bbox 180 4257 230 4320; x_wconf 91' lang='lat' dir='ltr'><strong>Qui</strong></span> <span class='ocrx_word' id='word_1_276' title='bbox 252 4257 384 4321; x_wconf 85' lang='lat' dir='ltr'><strong>paraclitus</strong></span> <span class='ocrx_word' id='word_1_277' title='bbox 405 4257 501 4307; x_wconf 87' lang='lat' dir='ltr'><strong>diceris.</strong></span> <span class='ocrx_word' id='word_1_278' title='bbox 537 4259 577 4307; x_wconf 89' lang='lat' dir='ltr'><strong>Tu</strong></span> <span class='ocrx_word' id='word_1_279' title='bbox 599 4260 749 4322; x_wconf 81' lang='lat' dir='ltr'><strong>septiformis</strong></span> 
     </span>
     <span class='ocr_line' id='line_1_65' title="bbox 146 4323 746 4376; baseline 0.01 -6"><span class='ocrx_word' id='word_1_280' title='bbox 146 4338 255 4371; x_wconf 88' lang='lat' dir='ltr'><strong>munere.</strong></span> <span class='ocrx_word' id='word_1_281' title='bbox 292 4323 409 4371; x_wconf 89' lang='lat' dir='ltr'><strong>Accende</strong></span> <span class='ocrx_word' id='word_1_282' title='bbox 421 4324 506 4372; x_wconf 88' lang='lat' dir='ltr'><strong>lumen</strong></span> <span class='ocrx_word' id='word_1_283' title='bbox 522 4323 642 4373; x_wconf 89' lang='lat' dir='ltr'><strong>sensibus.</strong></span> <span class='ocrx_word' id='word_1_284' title='bbox 680 4326 746 4376; x_wconf 89' lang='lat' dir='ltr'><strong>Hos·</strong></span> 
     </span>
     <span class='ocr_line' id='line_1_66' title="bbox 146 4388 748 4452; baseline 0.008 -17"><span class='ocrx_word' id='word_1_285' title='bbox 146 4395 198 4436; x_wconf 86' lang='lat' dir='ltr'><strong>tem</strong></span> <span class='ocrx_word' id='word_1_286' title='bbox 218 4389 323 4451; x_wconf 89' lang='lat' dir='ltr'><strong>repellas</strong></span> <span class='ocrx_word' id='word_1_287' title='bbox 340 4388 445 4452; x_wconf 88' lang='lat' dir='ltr'><strong>longius.</strong></span> <span class='ocrx_word' id='word_1_288' title='bbox 484 4389 530 4437; x_wconf 87' lang='lat' dir='ltr'><strong>Per</strong></span> <span class='ocrx_word' id='word_1_289' title='bbox 548 4398 572 4437; x_wconf 90' lang='lat' dir='ltr'><strong>te</strong></span> <span class='ocrx_word' id='word_1_290' title='bbox 590 4389 698 4440; x_wconf 86' lang='lat' dir='ltr'><strong>sciamus</strong></span> <span class='ocrx_word' id='word_1_291' title='bbox 715 4392 748 4440; x_wconf 90' lang='lat' dir='ltr'><strong>da</strong></span> 
     </span>
     <span class='ocr_line' id='line_1_67' title="bbox 146 4452 607 4516; baseline 0.011 -16"><span class='ocrx_word' id='word_1_292' title='bbox 146 4460 250 4514; x_wconf 87' lang='lat' dir='ltr'><strong>patrem.</strong></span> <span class='ocrx_word' id='word_1_293' title='bbox 288 4452 326 4501; x_wconf 91' lang='lat' dir='ltr'><strong>Sit</strong></span> <span class='ocrx_word' id='word_1_294' title='bbox 337 4453 391 4501; x_wconf 88' lang='lat' dir='ltr'><strong>laus</strong></span> <span class='ocrx_word' id='word_1_295' title='bbox 401 4453 466 4516; x_wconf 88' lang='lat' dir='ltr'><strong>patri</strong></span> <span class='ocrx_word' id='word_1_296' title='bbox 478 4469 535 4502; x_wconf 88' lang='lat' dir='ltr'><strong>cum</strong></span> <span class='ocrx_word' id='word_1_297' title='bbox 547 4454 607 4505; x_wconf 90' lang='lat' dir='ltr'><strong>filio.</strong></span> 
     </span>
    </p>
   </div>
   <div class='ocr_carea' id='block_1_25' title="bbox 794 2134 1133 2196">
    <p class='ocr_par' dir='ltr' id='par_1_26' title="bbox 794 2134 1133 2196">
     <span class='ocr_line' id='line_1_68' title="bbox 794 2134 1133 2196; baseline 0 0"><span class='ocrx_word' id='word_1_298' title='bbox 794 2134 884 2196; x_wconf 76' lang='lat' dir='ltr'><strong>dieat</strong></span> <span class='ocrx_word' id='word_1_299' title='bbox 896 2155 951 2196; x_wconf 87' lang='lat' dir='ltr'><strong>eas</strong></span> <span class='ocrx_word' id='word_1_300' title='bbox 964 2134 1021 2196; x_wconf 81' lang='lat' dir='ltr'><strong>leae</strong></span> <span class='ocrx_word' id='word_1_301' title='bbox 1034 2135 1133 2196; x_wconf 85' lang='lat' dir='ltr'><strong>mode.</strong></span> 
     </span>
    </p>
   </div>
   <div class='ocr_carea' id='block_1_26' title="bbox 1012 2312 1401 2396">
    <p class='ocr_par' dir='ltr' id='par_1_27' title="bbox 1012 2312 1401 2396">
     <span class='ocr_line' id='line_1_69' title="bbox 1012 2312 1401 2396; baseline 0.003 -20"><span class='ocrx_word' id='word_1_302' title='bbox 1012 2312 1174 2393; x_wconf 70' lang='lat' dir='ltr'><strong>lOremnS.</strong></span> <span class='ocrx_word' id='word_1_303' title='bbox 1263 2313 1308 2396; x_wconf 93' lang='lat' dir='ltr'><strong>[p.</strong></span> <span class='ocrx_word' id='word_1_304' title='bbox 1352 2328 1401 2394; x_wconf 83' lang='lat'><strong>57.</strong></span> 
     </span>
    </p>
   </div>
   <div class='ocr_carea' id='block_1_27' title="bbox 795 2447 1401 3205">
    <p class='ocr_par' dir='ltr' id='par_1_28' title="bbox 872 2447 1401 2531">
     <span class='ocr_line' id='line_1_70' title="bbox 872 2447 1401 2531; baseline -0.002 -19"><span class='ocrx_word' id='word_1_305' title='bbox 872 2447 995 2512; x_wconf 86' lang='lat' dir='ltr'><strong>Omine</strong></span> <span class='ocrx_word' id='word_1_306' title='bbox 1010 2449 1103 2511; x_wconf 91' lang='lat' dir='ltr'><strong>ihesu</strong></span> <span class='ocrx_word' id='word_1_307' title='bbox 1120 2449 1240 2511; x_wconf 87' lang='lat' dir='ltr'><strong>christe</strong></span> <span class='ocrx_word' id='word_1_308' title='bbox 1255 2449 1313 2530; x_wconf 93' lang='lat' dir='ltr'><strong>qui</strong></span> <span class='ocrx_word' id='word_1_309' title='bbox 1326 2459 1401 2531; x_wconf 90' lang='lat' dir='ltr'><strong>teg·</strong></span> 
     </span>
    </p>

    <p class='ocr_par' dir='ltr' id='par_1_29' title="bbox 795 2536 1400 3205">
     <span class='ocr_line' id='line_1_71' title="bbox 886 2536 1400 2599; baseline 0.004 -2"><span class='ocrx_word' id='word_1_310' title='bbox 886 2556 961 2598; x_wconf 91' lang='lat' dir='ltr'><strong>men</strong></span> <span class='ocrx_word' id='word_1_311' title='bbox 1014 2546 1126 2598; x_wconf 90' lang='lat' dir='ltr'><strong>nostre</strong></span> <span class='ocrx_word' id='word_1_312' title='bbox 1183 2536 1400 2599; x_wconf 88' lang='lat' dir='ltr'><strong>mortalitatis</strong></span> 
     </span>
     <span class='ocr_line' id='line_1_72' title="bbox 796 2622 1400 2703; baseline 0.005 -19"><span class='ocrx_word' id='word_1_313' title='bbox 796 2623 929 2684; x_wconf 89' lang='lat' dir='ltr'><strong>induere</strong></span> <span class='ocrx_word' id='word_1_314' title='bbox 941 2623 1097 2703; x_wconf 90' lang='lat' dir='ltr'><strong>dignatus</strong></span> <span class='ocrx_word' id='word_1_315' title='bbox 1107 2644 1160 2685; x_wconf 90' lang='lat' dir='ltr'><strong>es:</strong></span> <span class='ocrx_word' id='word_1_316' title='bbox 1183 2622 1400 2687; x_wconf 87' lang='lat' dir='ltr'><strong>obsecramus</strong></span> 
     </span>
     <span class='ocr_line' id='line_1_73' title="bbox 796 2709 1400 2790; baseline 0 -19"><span class='ocrx_word' id='word_1_317' title='bbox 796 2711 981 2771; x_wconf 89' lang='lat' dir='ltr'><strong>inmensam</strong></span> <span class='ocrx_word' id='word_1_318' title='bbox 1002 2718 1059 2771; x_wconf 86' lang='lat' dir='ltr'><strong>tue</strong></span> <span class='ocrx_word' id='word_1_319' title='bbox 1082 2709 1244 2790; x_wconf 87' lang='lat' dir='ltr'><strong>largitatis</strong></span> <span class='ocrx_word' id='word_1_320' title='bbox 1266 2709 1400 2781; x_wconf 87' lang='lat' dir='ltr'><strong>habun-</strong></span> 
     </span>
     <span class='ocr_line' id='line_1_74' title="bbox 795 2796 1400 2877; baseline 0.002 -19"><span class='ocrx_word' id='word_1_321' title='bbox 795 2797 946 2859; x_wconf 87' lang='lat' dir='ltr'><strong>dantiam</strong></span> <span class='ocrx_word' id='word_1_322' title='bbox 977 2806 1014 2858; x_wconf 94' lang='lat' dir='ltr'><strong>ut</strong></span> <span class='ocrx_word' id='word_1_323' title='bbox 1052 2796 1114 2858; x_wconf 92' lang='lat' dir='ltr'><strong>hoc</strong></span> <span class='ocrx_word' id='word_1_324' title='bbox 1152 2816 1256 2877; x_wconf 89' lang='lat' dir='ltr'><strong>genus</strong></span> <span class='ocrx_word' id='word_1_325' title='bbox 1294 2799 1400 2859; x_wconf 90' lang='lat' dir='ltr'><strong>uesti-</strong></span> 
     </span>
     <span class='ocr_line' id='line_1_75' title="bbox 797 2884 1400 2964; baseline 0.002 -19"><span class='ocrx_word' id='word_1_326' title='bbox 797 2884 907 2946; x_wconf 90' lang='lat' dir='ltr'><strong>menti.</strong></span> <span class='ocrx_word' id='word_1_327' title='bbox 946 2884 1036 2964; x_wconf 93' lang='lat' dir='ltr'><strong>quod</strong></span> <span class='ocrx_word' id='word_1_328' title='bbox 1074 2884 1180 2945; x_wconf 89' lang='lat' dir='ltr'><strong>sancti</strong></span> <span class='ocrx_word' id='word_1_329' title='bbox 1215 2893 1326 2964; x_wconf 92' lang='lat' dir='ltr'><strong>patres</strong></span> <span class='ocrx_word' id='word_1_330' title='bbox 1355 2884 1400 2946; x_wconf 91' lang='lat' dir='ltr'><strong>ad</strong></span> 
     </span>
     <span class='ocr_line' id='line_1_76' title="bbox 796 2969 1399 3032; baseline 0.003 -2"><span class='ocrx_word' id='word_1_331' title='bbox 796 2971 984 3032; x_wconf 90' lang='lat' dir='ltr'><strong>innocentie</strong></span> <span class='ocrx_word' id='word_1_332' title='bbox 1007 2969 1061 3031; x_wconf 87' lang='lat' dir='ltr'><strong>uel</strong></span> <span class='ocrx_word' id='word_1_333' title='bbox 1086 2969 1282 3032; x_wconf 90' lang='lat' dir='ltr'><strong>humilitatis</strong></span> <span class='ocrx_word' id='word_1_334' title='bbox 1310 2971 1399 3032; x_wconf 90' lang='lat' dir='ltr'><strong>indi·</strong></span> 
     </span>
     <span class='ocr_line' id='line_1_77' title="bbox 796 3056 1400 3119; baseline 0.003 -2"><span class='ocrx_word' id='word_1_335' title='bbox 796 3057 883 3119; x_wconf 91' lang='lat' dir='ltr'><strong>cium</strong></span> <span class='ocrx_word' id='word_1_336' title='bbox 928 3056 1239 3118; x_wconf 89' lang='lat' dir='ltr'><strong>abrenuntiantibus</strong></span> <span class='ocrx_word' id='word_1_337' title='bbox 1284 3057 1400 3119; x_wconf 90' lang='lat' dir='ltr'><strong>seculo</strong></span> 
     </span>
     <span class='ocr_line' id='line_1_78' title="bbox 796 3142 1400 3205; baseline 0.002 -1"><span class='ocrx_word' id='word_1_338' title='bbox 796 3143 878 3204; x_wconf 87' lang='lat' dir='ltr'><strong>serre</strong></span> <span class='ocrx_word' id='word_1_339' title='bbox 905 3152 1111 3205; x_wconf 86' lang='lat' dir='ltr'><strong>sanxerunt:</strong></span> <span class='ocrx_word' id='word_1_340' title='bbox 1146 3152 1205 3205; x_wconf 90' lang='lat' dir='ltr'><strong>tua</strong></span> <span class='ocrx_word' id='word_1_341' title='bbox 1241 3142 1400 3205; x_wconf 91' lang='lat' dir='ltr'><strong>benedic-</strong></span> 
     </span>
    </p>
   </div>
   <div class='ocr_carea' id='block_1_28' title="bbox 793 3229 1404 3437">
    <p class='ocr_par' dir='ltr' id='par_1_30' title="bbox 793 3229 1404 3437">
     <span class='ocr_line' id='line_1_79' title="bbox 793 3229 1404 3321; baseline 0.002 -29"><span class='ocrx_word' id='word_1_342' title='bbox 793 3230 884 3321; x_wconf 90' lang='lat' dir='ltr'><strong>tione</strong></span> <span class='ocrx_word' id='word_1_343' title='bbox 910 3229 1146 3320; x_wconf 60' lang='lat' dir='ltr'><strong>beneffldicere</strong></span> <span class='ocrx_word' id='word_1_344' title='bbox 1176 3229 1329 3310; x_wconf 89' lang='lat' dir='ltr'><strong>digneris.</strong></span> <span class='ocrx_word' id='word_1_345' title='bbox 1364 3240 1404 3293; x_wconf 89' lang='lat' dir='ltr'><strong>ut</strong></span> 
     </span>
     <span class='ocr_line' id='line_1_80' title="bbox 795 3312 1400 3437; baseline 0.002 -18"><span class='ocrx_word' id='word_1_346' title='bbox 795 3313 848 3419; x_wconf 79' lang='lat' dir='ltr'><strong>liic</strong></span> <span class='ocrx_word' id='word_1_347' title='bbox 879 3313 1022 3419; x_wconf 78' lang='lat' dir='ltr'><strong>famuliis</strong></span> <span class='ocrx_word' id='word_1_348' title='bbox 1060 3312 1136 3418; x_wconf 50' lang='lat' dir='ltr'><strong>titiis</strong></span> <span class='ocrx_word' id='word_1_349' title='bbox 1166 3355 1206 3418; x_wconf 93' lang='lat' dir='ltr'><strong>N.</strong></span> <span class='ocrx_word' id='word_1_350' title='bbox 1237 3356 1294 3437; x_wconf 92' lang='lat' dir='ltr'><strong>qui</strong></span> <span class='ocrx_word' id='word_1_351' title='bbox 1333 3356 1400 3420; x_wconf 93' lang='lat' dir='ltr'><strong>hoc</strong></span> 
     </span>
    </p>
   </div>
   <div class='ocr_carea' id='block_1_29' title="bbox 816 3439 1399 3482">
    <p class='ocr_par' dir='ltr' id='par_1_31' title="bbox 816 3439 1399 3482">
     <span class='ocr_line' id='line_1_81' title="bbox 816 3439 1399 3482; baseline 0 -8"><span class='ocrx_word' id='word_1_352' title='bbox 816 3440 843 3482; x_wconf 77' lang='lat' dir='ltr'><strong>(sil</strong></span> <span class='ocrx_word' id='word_1_353' title='bbox 957 3439 1004 3480; x_wconf 80' lang='lat' dir='ltr'><strong>(rint)</strong></span> <span class='ocrx_word' id='word_1_354' title='bbox 1329 3440 1399 3482; x_wconf 77' lang='lat' dir='ltr'><strong>(antur)</strong></span> 
     </span>
    </p>
   </div>
   <div class='ocr_carea' id='block_1_30' title="bbox 795 3483 1402 4501">
    <p class='ocr_par' dir='ltr' id='par_1_32' title="bbox 795 3483 1402 4501">
     <span class='ocr_line' id='line_1_82' title="bbox 795 3483 1399 3549; baseline 0.003 -3"><span class='ocrx_word' id='word_1_355' title='bbox 795 3505 873 3546; x_wconf 90' lang='lat' dir='ltr'><strong>usus</strong></span> <span class='ocrx_word' id='word_1_356' title='bbox 901 3483 999 3545; x_wconf 87' lang='lat' dir='ltr'><strong>fuerit</strong></span> <span class='ocrx_word' id='word_1_357' title='bbox 1015 3492 1048 3544; x_wconf 91' lang='lat' dir='ltr'><strong>te</strong></span> <span class='ocrx_word' id='word_1_358' title='bbox 1065 3484 1200 3546; x_wconf 86' lang='lat' dir='ltr'><strong>induere</strong></span> <span class='ocrx_word' id='word_1_359' title='bbox 1223 3493 1399 3549; x_wconf 91' lang='lat' dir='ltr'><strong>mereatur.</strong></span> 
     </span>
     <span class='ocr_line' id='line_1_83' title="bbox 797 3570 1399 3652; baseline 0 -19"><span class='ocrx_word' id='word_1_360' title='bbox 797 3570 863 3652; x_wconf 84' lang='lat' dir='ltr'><strong>Qui</strong></span> <span class='ocrx_word' id='word_1_361' title='bbox 894 3571 979 3632; x_wconf 93' lang='lat' dir='ltr'><strong>uiuis</strong></span> <span class='ocrx_word' id='word_1_362' title='bbox 1002 3580 1036 3632; x_wconf 90' lang='lat' dir='ltr'><strong>et</strong></span> <span class='ocrx_word' id='word_1_363' title='bbox 1066 3590 1184 3651; x_wconf 90' lang='lat' dir='ltr'><strong>regnas</strong></span> <span class='ocrx_word' id='word_1_364' title='bbox 1222 3590 1298 3631; x_wconf 86' lang='lat' dir='ltr'><strong>cum</strong></span> <span class='ocrx_word' id='word_1_365' title='bbox 1330 3571 1399 3633; x_wconf 90' lang='lat' dir='ltr'><strong>deo</strong></span> 
     </span>
     <span class='ocr_line' id='line_1_84' title="bbox 797 3657 1400 3738; baseline 0.003 -20"><span class='ocrx_word' id='word_1_366' title='bbox 797 3667 891 3738; x_wconf 90' lang='lat' dir='ltr'><strong>patre</strong></span> <span class='ocrx_word' id='word_1_367' title='bbox 914 3659 946 3718; x_wconf 92' lang='lat' dir='ltr'><strong>in</strong></span> <span class='ocrx_word' id='word_1_368' title='bbox 971 3658 1098 3719; x_wconf 89' lang='lat' dir='ltr'><strong>unitate</strong></span> <span class='ocrx_word' id='word_1_369' title='bbox 1129 3657 1262 3738; x_wconf 88' lang='lat' dir='ltr'><strong>spiritus</strong></span> <span class='ocrx_word' id='word_1_370' title='bbox 1290 3659 1400 3720; x_wconf 90' lang='lat' dir='ltr'><strong>sancti</strong></span> 
     </span>
     <span class='ocr_line' id='line_1_85' title="bbox 797 3743 1400 3825; baseline 0.002 -19"><span class='ocrx_word' id='word_1_371' title='bbox 797 3743 1400 3825; x_wconf 87' lang='lat' dir='ltr'><strong>deus:peromniaseculaseculorum.</strong></span> 
     </span>
     <span class='ocr_line' id='line_1_86' title="bbox 796 3830 1401 3913; baseline 0 -20"><span class='ocrx_word' id='word_1_372' title='bbox 796 3831 839 3893; x_wconf 94' lang='lat' dir='ltr'><em>H</em></span> <span class='ocrx_word' id='word_1_373' title='bbox 837 3831 866 3892; x_wconf 87' lang='lat' dir='ltr'><strong>ie</strong></span> <span class='ocrx_word' id='word_1_374' title='bbox 879 3840 1029 3913; x_wconf 84' lang='lat' dir='ltr'><strong>aspergat</strong></span> <span class='ocrx_word' id='word_1_375' title='bbox 1049 3831 1188 3892; x_wconf 86' lang='lat' dir='ltr'><strong>cucullas</strong></span> <span class='ocrx_word' id='word_1_376' title='bbox 1208 3851 1294 3910; x_wconf 86' lang='lat' dir='ltr'><strong>aqna</strong></span> <span class='ocrx_word' id='word_1_377' title='bbox 1309 3830 1401 3893; x_wconf 93' lang='lat' dir='ltr'><strong>bene-</strong></span> 
     </span>
     <span class='ocr_line' id='line_1_87' title="bbox 796 3917 1402 3997; baseline 0.002 -18"><span class='ocrx_word' id='word_1_378' title='bbox 796 3917 891 3980; x_wconf 86' lang='lat' dir='ltr'><strong>dicta.</strong></span> <span class='ocrx_word' id='word_1_379' title='bbox 930 3928 961 3980; x_wconf 87' lang='lat' dir='ltr'><strong>et</strong></span> <span class='ocrx_word' id='word_1_380' title='bbox 1002 3927 1077 3979; x_wconf 86' lang='lat' dir='ltr'><strong>tnnc</strong></span> <span class='ocrx_word' id='word_1_381' title='bbox 1115 3926 1214 3979; x_wconf 83' lang='lat' dir='ltr'><strong>ennat</strong></span> <span class='ocrx_word' id='word_1_382' title='bbox 1248 3917 1402 3997; x_wconf 77' lang='lat' dir='ltr'><strong>prienam</strong></span> 
     </span>
     <span class='ocr_line' id='line_1_88' title="bbox 798 4004 1401 4084; baseline 0 -17"><span class='ocrx_word' id='word_1_383' title='bbox 798 4005 959 4067; x_wconf 87' lang='lat' dir='ltr'><strong>nanicinm</strong></span> <span class='ocrx_word' id='word_1_384' title='bbox 972 4006 1088 4084; x_wconf 83' lang='lat' dir='ltr'><strong>frocco.</strong></span> <span class='ocrx_word' id='word_1_385' title='bbox 1104 4015 1135 4067; x_wconf 87' lang='lat' dir='ltr'><strong>et</strong></span> <span class='ocrx_word' id='word_1_386' title='bbox 1147 4004 1236 4066; x_wconf 65' lang='lat' dir='ltr'><strong>dieat</strong></span> <span class='ocrx_word' id='word_1_387' title='bbox 1250 4005 1401 4067; x_wconf 78' lang='lat' dir='ltr'><strong>exuenda.</strong></span> 
     </span>
     <span class='ocr_line' id='line_1_89' title="bbox 800 4092 1399 4154; baseline 0 -1"><span class='ocrx_word' id='word_1_388' title='bbox 800 4092 916 4154; x_wconf 87' lang='lat' dir='ltr'><strong>Exuat</strong></span> <span class='ocrx_word' id='word_1_389' title='bbox 962 4101 996 4154; x_wconf 92' lang='lat' dir='ltr'><strong>te</strong></span> <span class='ocrx_word' id='word_1_390' title='bbox 1047 4092 1201 4153; x_wconf 91' lang='lat' dir='ltr'><strong>dominus</strong></span> <span class='ocrx_word' id='word_1_391' title='bbox 1249 4099 1399 4153; x_wconf 85' lang='lat' dir='ltr'><strong>ueterem</strong></span> 
     </span>
     <span class='ocr_line' id='line_1_90' title="bbox 800 4178 1399 4241; baseline -0.002 -1"><span class='ocrx_word' id='word_1_392' title='bbox 800 4178 970 4241; x_wconf 90' lang='lat' dir='ltr'><strong>hominem</strong></span> <span class='ocrx_word' id='word_1_393' title='bbox 1016 4197 1091 4240; x_wconf 91' lang='lat' dir='ltr'><strong>cum</strong></span> <span class='ocrx_word' id='word_1_394' title='bbox 1144 4178 1272 4239; x_wconf 91' lang='lat' dir='ltr'><strong>actibus</strong></span> <span class='ocrx_word' id='word_1_395' title='bbox 1319 4178 1399 4239; x_wconf 73' lang='lat' dir='ltr'><strong>suis·</strong></span> 
     </span>
     <span class='ocr_line' id='line_1_91' title="bbox 799 4263 1399 4345; baseline 0 -19"><span class='ocrx_word' id='word_1_396' title='bbox 799 4274 831 4326; x_wconf 92' lang='lat' dir='ltr'><strong>et</strong></span> <span class='ocrx_word' id='word_1_397' title='bbox 873 4286 980 4327; x_wconf 82' lang='lat' dir='ltr'><strong>ornnes</strong></span> <span class='ocrx_word' id='word_1_398' title='bbox 1024 4264 1231 4345; x_wconf 86' lang='lat' dir='ltr'><strong>respondeant</strong></span> <span class='ocrx_word' id='word_1_399' title='bbox 1274 4263 1399 4326; x_wconf 87' lang='lat' dir='ltr'><strong>Amen.</strong></span> 
     </span>
     <span class='ocr_line' id='line_1_92' title="bbox 800 4350 1399 4432; baseline 0.002 -19"><span class='ocrx_word' id='word_1_400' title='bbox 800 4350 926 4413; x_wconf 86' lang='lat' dir='ltr'><strong>Deinde</strong></span> <span class='ocrx_word' id='word_1_401' title='bbox 941 4350 1074 4420; x_wconf 80' lang='lat' dir='ltr'><strong>lendnat</strong></span> <span class='ocrx_word' id='word_1_402' title='bbox 1093 4371 1166 4412; x_wconf 89' lang='lat' dir='ltr'><strong>enm</strong></span> <span class='ocrx_word' id='word_1_403' title='bbox 1198 4372 1252 4413; x_wconf 90' lang='lat' dir='ltr'><strong>cn·</strong></span> <span class='ocrx_word' id='word_1_404' title='bbox 1267 4350 1313 4432; x_wconf 92' lang='lat' dir='ltr'><strong>[p.</strong></span> <span class='ocrx_word' id='word_1_405' title='bbox 1347 4353 1399 4429; x_wconf 84' lang='lat'><strong>58.</strong></span> 
     </span>
     <span class='ocr_line' id='line_1_93' title="bbox 800 4437 1401 4501; baseline 0 -1"><span class='ocrx_word' id='word_1_406' title='bbox 800 4439 885 4500; x_wconf 88' lang='lat' dir='ltr'><strong>enlla</strong></span> <span class='ocrx_word' id='word_1_407' title='bbox 913 4448 945 4501; x_wconf 90' lang='lat' dir='ltr'><strong>et</strong></span> <span class='ocrx_word' id='word_1_408' title='bbox 980 4437 1068 4500; x_wconf 78' lang='lat' dir='ltr'><strong>dieat</strong></span> <span class='ocrx_word' id='word_1_409' title='bbox 1097 4438 1220 4501; x_wconf 88' lang='lat' dir='ltr'><strong>Induat</strong></span> <span class='ocrx_word' id='word_1_410' title='bbox 1242 4446 1276 4500; x_wconf 93' lang='lat' dir='ltr'><strong>te</strong></span> <span class='ocrx_word' id='word_1_411' title='bbox 1291 4439 1401 4500; x_wconf 91' lang='lat' dir='ltr'><strong>domi-</strong></span> 
     </span>
    </p>
   </div>
   <div class='ocr_carea' id='block_1_31' title="bbox 0 0 1552 5092">
    <p class='ocr_par' dir='ltr' id='par_1_33' title="bbox 0 0 1552 5092">
     <span class='ocr_line' id='line_1_94' title="bbox 0 0 1552 5092; baseline 0 0"><span class='ocrx_word' id='word_1_412' title='bbox 0 0 1552 5092; x_wconf 95' lang='lat' dir='ltr'><strong> </strong></span> 
     </span>
    </p>
   </div>
  </div>
 </body>
</html>
