3096 5092
601 363 700 412 ORDO
716 361 910 412 DESPONSA
916 361 942 410 T
937 361 1048 411 IONIS.

200 587 379 716 ADesto
396 495 530 652 dominse
549 591 799 672 supplicationi·

282 675 344 738 bus
368 677 498 740 nostris.
523 687 556 740 et
592 677 678 740 hanc
705 677 797 740 obla-

197 761 324 824 tionem
341 783 442 843 quam
459 765 519 827 tibi
545 763 713 826 offerimus
737 785 797 845 pro

198 847 331 911 famuIIs
369 851 434 911 tuis
472 871 556 931 quos
594 852 636 912 ad
671 861 796 914 statum

198 937 399 999 maturitatis
426 946 460 999 et
485 939 526 999 ad
553 938 641 1000 diem
667 939 796 1019 nuptia·

197 1042 269 1084 rum
318 1023 498 1104 perducere
543 1025 700 1105 dignatus
741 1043 794 1087 es:

196 1107 347 1189 placatus
385 1131 424 1172 ac
461 1110 623 1192 benignus
664 1133 797 1174 assume

197 1195 267 1258 Per.
283 1196 441 1276 Preffatio.
459 1196 611 1278 Quicum
625 1199 797 1280 unigenito

197 1280 265 1344 filio
295 1292 361 1346 tuo.
388 1283 472 1346 Post
501 1294 635 1347 sanctus
654 1295 797 1365 proster-

197 1378 281 1430 nant
304 1390 337 1431 se
358 1382 492 1451 sponsas
512 1381 544 1432 et
564 1383 679 1452 sponsa
704 1383 800 1453 snper

191 1456 338 1537 graciam
354 1467 430 1519 ante
442 1460 547 1520 altare
569 1469 599 1521 et
619 1460 797 1540 cooperian-

196 1552 254 1604 tar
268 1543 372 1623 pallc'o
397 1545 450 1607 nel
475 1544 541 1606 aleo
556 1555 670 1626 panno
700 1567 798 1626 nsque

195 1627 317 1710 Agnus
347 1632 410 1694 dei.
455 1632 582 1694 Deinde
615 1633 697 1696 dicto
736 1633 798 1695 Per

197 1717 310 1778 omnia
341 1717 453 1780 secula
483 1719 676 1782 seculorum.
709 1730 797 1782 ante·

195 1823 295 1884 qnam
310 1803 441 1866 di'cotnr
456 1805 528 1867 Pax
554 1807 679 1867 domini
694 1827 797 1868 sacer-

88 1960 93 1969 ,
195 1889 253 1951 a'os
263 1891 401 1952 1111111111
412 1890 530 1954 nostia¹
541 1904 637 1973 snper
639 1902 796 1973 patenam

196 1976 323 2039 calicem
383 1979 513 2040 interim
577 1980 797 2059 cooperientem

196 2072 304 2125 nertat
338 2084 372 2125 se
400 2065 448 2126 ad
466 2066 621 2147 papalum
652 2075 684 2128 et
712 2067 800 2128 dicat

196 2160 292 2230 snper
321 2161 471 2231 sponsam
500 2163 532 2215 et
560 2165 708 2234 sponsane
738 2152 799 2215 lias

196 2237 362 2298 orationes.

197 2421 450 2551 PRoprtrare
460 2428 594 2489 domme
605 2448 681 2509 sup
692 2427 735 2511 [p
750 2442 799 2507 77.

282 2511 515 2591 plicationibus
527 2516 656 2578 nostris.
667 2525 700 2578 et
710 2516 802 2577 insti·

200 2597 312 2660 tutist
299 2599 364 2660 tuis
380 2600 501 2680 quibus
524 2602 799 2683 propagationem

201 2682 340 2747 humani
355 2687 484 2767 generis
501 2689 669 2752 ordinasti
686 2689 800 2770 benig-

201 2791 264 2833 nus
289 2773 414 2835 assiste.
431 2783 469 2838 ut
492 2777 641 2856 quodte
666 2786 801 2839 auctore

202 2858 451 2940 coniungitur.t
438 2862 672 2928 teauxiliante
693 2883 800 2926 serue-

202 2954 264 3008 tur.
313 2946 375 3007 Per
389 2947 557 3011 christum.

202 3141 362 3270 'DEus
392 3147 449 3226 qui
480 3156 646 3228 potestate
671 3151 757 3211 uirtu
738 3150 802 3212 utis

290 3240 347 3292 tue
359 3232 401 3293 de
416 3232 538 3296 nichilo
554 3245 673 3298 cuncta
688 3235 802 3299 fecisti.

201 3336 257 3396 qur
250 3317 443 3399 dispositis
464 3321 688 3385 uniuersitatis
705 3344 800 3384 exor-

201 3403 265 3465 diis
288 3403 471 3468 hominem³
486 3408 560 3469 ad
552 3411 730 3491 imaginem
747 3411 857 3472 dei

200 3488 267 3552 fact
270 3494 341 3552 111113
365 3493 440 3555 ideo
464 3494 682 3576 inseparabile
705 3497 799 3559 muli-

200 3577 263 3639 eris
297 3579 498 3643 adiutorium
537 3584 723 3648 condidisti
763 3594 799 3647 ut

200 3662 346 3728 femineo
369 3669 496 3748 corpori
520 3670 563 3730 de
586 3670 670 3732 uirili
702 3672 798 3734 dares

200 3771 299 3813 carne
328 3755 535 3835 principium.
555 3756 686 3819 docens,
708 3760 798 3839 quod

200 3857 244 3900 ex
261 3859 328 3901 uno
350 3840 528 3922 placuisset
552 3844 686 3906 institui.
704 3865 799 3907 num·

199 3943 300 4004 quam
324 3926 436 3990 liceret
459 3930 612 4012 disiungi.
630 3931 722 3993 Deus
741 3933 797 4013 qui

198 4019 268 4073 tam
311 4013 491 4077 excellenti
533 4017 679 4079 misterio
721 4040 799 4080 con-

152 4181 153 4184 ’
229 4177 313 4231 ¹MS
328 4183 459 4248 originally
470 4185 584 4235 hostiam

228 4242 239 4274 ²
255 4248 297 4306 (In
309 4249 405 4312 margin
411 4251 450 4324 ‘by
458 4252 519 4299 later
531 4252 618 4313 hand).
655 4253 708 4302 Ista
719 4255 798 4303 oratio

195 4325 247 4360 non
255 4312 329 4361 debet
336 4313 416 4362 dici
398 4331 418 4362 s1
430 4316 545 4365 alteruter
556 4333 641 4366 eorum
649 4317 722 4367 fuerit
732 4321 800 4382 prius

194 4384 294 4440 nuptus
320 4394 375 4426 cum
399 4381 430 4428 sit
451 4381 592 4431 benedictio
614 4384 799 4434 sacramentalis

195 4456 259 4504 quae
270 4443 340 4491 nullo
351 4445 446 4492 modo'
440 4446 523 4494 iterari
539 4447 621 4496 debet

227 4504 315 4557 ³Ms.
327 4508 479 4575 originally‘
484 4512 707 4562 ‘homini..facto.”

1126 495 1171 556 44

848 589 992 673 iugalem
1031 589 1185 671 copulam
1227 586 1456 652 consecrasti:

848 686 885 739 ut
908 677 1020 739 christi
1043 686 1077 739 et
1102 675 1238 739 ecclesie
1260 693 1456 738 sacramen·

846 773 918 827 tum
939 764 1145 845 presignares
1172 761 1341 826 insedere
1369 781 1456 843 nup-

846 852 976 913 tiarum.
1002 850 1094 912 Deus
1119 870 1302 931 perquem
1330 848 1456 911 mulier

846 938 992 1018 iungitur
1008 937 1079 999 uiro
1102 946 1136 999 et
1152 934 1308 1020 [societas
1333 933 1383 1020 [p.
1402 937 1453 1014 78.

846 1024 1073 1105 principaliter
1102 1024 1255 1087 ordinata
1282 1044 1322 1086 ea
1348 1023 1454 1085 bene-

847 1111 993 1173 dictione
1017 1111 1169 1173 donatur.
1192 1130 1269 1191 que,
1287 1109 1361 1172 sola
1391 1130 1453 1172 nec

846 1218 905 1278 per
942 1197 1112 1278 originalis
1150 1198 1276 1278 peccati
1315 1217 1452 1278 penam.

847 1305 907 1346 nec
935 1304 993 1365 per
1017 1284 1133 1346 diluuii
1160 1283 1272 1346 ablata
1299 1292 1351 1346 est
1376 1303 1453 1345 sen·

846 1372 996 1433 tentiam.
1010 1371 1152 1451 Respice
1164 1370 1331 1452 propicius
1347 1390 1452 1452 super

846 1456 932 1520 hanc
945 1457 1104 1520 famulam
1117 1466 1209 1519 tuam
1223 1477 1287 1538 que
1304 1456 1452 1520 maritali

847 1545 1014 1626 iungenda
1042 1553 1093 1606 est
1124 1545 1296 1606 consortio
1321 1553 1451 1625 tuaque

846 1652 882 1693 se
912 1631 1042 1713 expetit
1080 1632 1286 1712 protectione
1317 1631 1451 1692 muniri.

848 1719 900 1782 Sit
927 1719 960 1780 in
987 1738 1027 1780 ea
1058 1718 1171 1799 iugum
1204 1717 1393 1780 dilectionis
1416 1726 1451 1779 et

847 1805 946 1886 pacis.
971 1803 1078 1866 fidelis
1104 1814 1138 1867 et
1162 1813 1255 1867 casta
1279 1803 1387 1868 nubat
1415 1805 1449 1866 in

847 1891 977 1953 christo.
1003 1892 1232 1972 imitatrixque
1253 1900 1448 1953 sanctarum

847 1987 1041 2060 permaneat
1065 1977 1269 2041 feminarum.
1289 1978 1333 2040 sit
1355 1998 1451 2040 ama-

846 2064 921 2127 bilis
946 2074 982 2127 ut
1010 2064 1119 2127 rachel
1147 2065 1225 2127 uir0.
1251 2066 1386 2146 sapiens
1412 2074 1450 2128 ut

848 2151 990 2214 rebecca.
1030 2151 1174 2233 longeua
1203 2161 1237 2214 et
1272 2150 1379 2213 fidelis
1411 2161 1449 2215 ut

848 2259 945 2301 sarra.
972 2238 1082 2300 Nichil
1113 2239 1146 2300 in
1177 2259 1216 2300 ea
1246 2259 1290 2300 ex
1317 2239 1450 2302 actibus

848 2327 915 2388 suis
947 2325 1001 2388 ille
1031 2334 1147 2388 auctor
1176 2326 1450 2406 preuaricationis

848 2421 991 2493 usurpet.
1009 2432 1099 2475 nexa
1114 2411 1191 2474 fidei
1215 2413 1451 2493 mandatisque

848 2500 970 2562 diuinis
1018 2508 1212 2580 permaneat
1263 2500 1295 2560 in
1348 2498 1449 2562 thoro

849 2587 961 2648 iuncta
982 2595 1155 2649 contactus
1178 2584 1308 2648 illicitos
1332 2584 1449 2668 fugiat.

850 2674 978 2734 muniat
1009 2672 1235 2735 infirmitatem
1270 2693 1364 2735 suam
1399 2694 1450 2736 ro-

848 2759 928 2822 bore
953 2760 1134 2841 discipline.
1161 2759 1213 2824 Sit
1234 2756 1451 2842 uelrecundia

848 2847 969 2928 grauis.
982 2847 1110 2928 pudore
1125 2846 1330 2909 uenerabilis,
1342 2845 1387 2928 [p.
1399 2863 1449 2929 79

849 2933 1008 2995 doctrinis
1036 2934 1211 2996 celestibus
1232 2933 1368 2996 erudita.
1396 2935 1449 2999 Sit

851 3019 993 3083 fecunda
1023 3021 1055 3081 in
1087 3020 1201 3082 sobole
1232 3021 1276 3083 sit
1306 3020 1448 3102 probata

848 3115 882 3169 et
914 3108 1081 3170 innocens
1115 3117 1148 3170 et
1185 3108 1227 3170 ad
1271 3107 1448 3171 beatorum

850 3195 996 3274 requiem
1013 3203 1114 3275 atque
1135 3195 1177 3256 ad
1194 3194 1329 3258 celestia
1345 3214 1448 3276 regna

849 3282 972 3363 pariter
1005 3282 1210 3362 perueniant.
1241 3290 1274 3343 et
1310 3282 1448 3345 uideant

850 3366 935 3429 filios
976 3367 1119 3430 filiorum
1164 3388 1299 3429 suorum
1342 3389 1448 3449 usque

849 3455 882 3516 in
921 3455 1056 3516 terciam
1104 3465 1137 3516 et
1174 3464 1327 3536 quartam
1371 3476 1448 3536 pro-

849 3542 990 3622 geniem.
1008 3552 1040 3603 et
1057 3543 1098 3603 ad
1123 3550 1274 3622 optatam
1298 3543 1449 3622 perueni-

849 3637 907 3690 ant
942 3637 1166 3691 senectutem:
1206 3629 1268 3690 Per
1293 3629 1448 3694 eundem.

848 3715 930 3776 Hiis
952 3715 1069 3776 dictis:
1094 3724 1202 3776 uertat
1223 3735 1255 3775 se
1275 3714 1324 3776 ad
1343 3716 1451 3778 altare

847 3811 879 3863 et
891 3802 981 3863 dicat
1004 3802 1076 3863 Pax
1092 3801 1227 3863 domini.
1244 3823 1330 3863 more
1355 3801 1451 3865 solito

848 3898 880 3950 et
915 3889 1035 3969 Agnus
1080 3889 1141 3950 dei.
1187 3888 1276 3950 Tnnc
1312 3889 1452 3970 accipiat

847 3987 980 4056 sponsas
1015 3986 1128 4056 pacem
1166 3997 1186 4035 a
1222 3975 1381 4037 sacerdote
1419 3987 1453 4038 et

848 4063 1007 4124 osculetur
1062 4073 1211 4142 sponsam
1266 4082 1362 4124 snam
1419 4075 1452 4126 et

849 4148 975 4211 nnllam
998 4148 1110 4210 aliam.
1140 4148 1280 4214 Clericus
1304 4169 1451 4212 11111111-

847 4245 933 4317 cepta
940 4247 1019 4317 pace
1041 4257 1063 4297 a
1086 4236 1245 4298 sacerdote
1268 4235 1455 4317 arriserat

849 4343 934 4385 more
969 4322 1068 4385 solzssto

1056 4409 1251 4474 Communio.

890 4495 1123 4559 Benedicimus
1139 4497 1247 4559 deum.
