969 1417
97 71 198 101 ..-

271 167 398 180 ADDITIONAL‘
404 167 482 180 OFFJCES
492 167 533 180 ANB
544 167 581 179 FRA
585 167 634 180 ΥΕΛἘ
743 170 766 184 ¹1⁷

141 202 225 219 Dominus
233 203 323 218 nobiscum.
351 202 422 218 Oramus.
445 202 528 223 Suscipiat
540 205 557 218 te
564 203 605 218 deus
615 205 664 223 ‘pater
671 203 687 218 in
697 206 766 219 numero

141 224 215 240 fidelium
223 229 295 240 suorum.
319 224 341 240 Et
349 229 379 240 nos
387 224 425 240 licet
433 224 496 245 indigni
508 224 607 245 suscipimus
615 227 632 240 te
639 225 656 240 in
664 224 766 240 emtionibus

142 246 206 262 nostris
229 246 348 266 Concedatque
356 246 386 262 tibi
393 251 423 267 per
430 246 534 266 unigenitum
541 251 590 262 suum
597 246 706 262 mediatorem
715 246 741 262 dei
749 249 766 262 et

142 267 232 284 hominum.
245 267 300 284 locum
312 268 355 283 bene
368 268 432 288 agendi.
445 270 462 284 et
475 268 571 283 instantiam
583 268 704 288 perseuerandi.
715 270 732 284 et
744 269 766 284 ad

142 291 198 305 eber-ne
205 290 240 305 uite
253 289 362 305 hereditatem
370 289 439 305 feliciter
450 290 560 310 perueniendi.
583 289 606 305 Et
617 290 660 305 sicut
673 295 703 305 nos
716 289 766 306 hodie

142 311 201 327 cai-itas
209 311 316 327 fraternitatis
327 311 420 331 specialiter
431 311 516 331 coniungit
524 311 540 326 in
548 311 595 327 terris
602 317 606 327 :
617 311 641 327 ita
648 311 705 327 diuina
713 312 766 332 pietas

142 338 175 353 que
182 332 254 349 fraterne
268 333 360 348 dilectionis
374 335 399 348 est
411 333 476 348 auctrix
489 335 506 349 et
518 333 590 348 amatrix
602 338 640 348 cum
649 333 725 349 fidelibus
732 333 766 349 suis

142 354 241 375 coniungere
249 354 326 375 dignetur
331 355 348 370 in
353 354 396 370 celis
412 354 443 370 Per
450 354 521 370 eundern
527 355 613 370 dominum
619 357 693 370 nostrum
702 355 764 371 ihesum

142 376 221 392 christum
229 376 281 392 filium
293 381 341 392 suum
349 376 378 396 qui
389 381 427 392 cum
435 381 455 391 eo
466 376 511 392 uiuit.
519 378 536 392 et
548 378 606 397 regnat
617 377 658 392 deus
669 382 699 397 per
710 376 771 392 omnia'

143 398 198 414 secula
213 398 309 413 seculorum.
339 398 397 413 Finita
412 398 482 414 oratione
489 404 495 414 ,·
510 397 591 419 'lsacrisla
603 398 666 418 desem!
678 401 740 414 tatum
751 401 767 414 et

143 419 271 435 tmeatclausum
278 425 331 435 coram
338 419 397 435 abbate.
403 421 419 435 et
425 419 501 435 secularis
506 422 564 439 surgat
567 422 583 435 ct
585 422 638 440 ponat
644 420 700 435 ambas
708 425 766 436 manus

142 443 190 461 super
197 443 258 457 textum
264 447 269 457 :
281 441 343 457 Ablmte
350 441 410 456 dicent:
416 441 442 457 sic:
462 441 498 457 Nos
506 441 610 457 admittimus
617 443 634 457 te
642 442 659 457 in
669 442 765 457 societatem

142 465 159 478 et
166 463 287 478 fraternitatem
292 465 370 479 nostram.
377 463 421 483 quod
430 463 451 478 sis
459 463 537 483 deinceps
545 463 627 483 particeps
635 465 715 483 tanquam
724 468 766 479 unus

142 484 163 500 de
175 484 223 500 nobis
236 484 255 500 In
268 485 326 500 missis.
338 484 386 500 horis<
395 485 500 500 emtionibus.
515 485 579 505 uigiliis.
591 485 685 505 disciplinis.
698 485 765 500 ieiuniis.

143 506 240 522 elemosinis.
246 509 263 522 et
271 507 329 522 ceteris
336 506 420 522 beneficiis
428 506 540 526 spiritualibus
547 511 580 527 que
586 506 626 522 fient
634 507 650 522 in
659 507 689 522 hac
697 506 766 522 ecclesia

143 528 263 549 inperpetuum*
272 530 289 543 et
296 528 340 548 quod
349 533 379 543 nos
387 528 439 543 simus
447 528 535 548 participes
542 528 564 543 de
572 528 655 544 beneficiis
666 529 703 544 tuis.
732 528 766 548 Quo

142 549 183 565 dicto
189 555 195 566 .·
206 549 304 565 deosculetur
311 552 376 565 textum.
384 552 458 570 etpostca
466 550 481 565 A
483 549 545 565 hbatem
551 552 566 565 :t
568 550 676 569 presidentem
687 553 704 565 et
710 552 767 566 ceteros

142 571 197 587 dextri
200 571 247 587 chori.
251 573 268 586 tt
274 571 330 587 deinde
337 571 403 587 sinistri
408 571 455 586 chori.
460 571 574 591 aliquafratre
579 576 615 587 eum
621 572 688 587 ducenta
694 574 767 592 etpostea

142 593 213 609 ducatur
218 593 356 613 adpmsidentem,
380 593 415 612 Qui
420 593 465 608 dicat
471 593 487 608 ei
493 593 536 613 quod
542 593 561 608 de
567 595 616 608 cetero
627 593 650 608 sit
660 593 741 609 beniuolus
752 596 768 609 et

139 614 196 635 fidelis
202 614 240 630 huic
246 615 310 630 acclesie.
317 614 465 635 bonapramrana'o.
471 617 488 630 et
494 615 538 630 mala
542 617 573 634 pro
577 617 623 635 posse
630 620 658 630 suo
666 615 767 635 impedienda.

143 635 168 652 Et
174 636 217 657 quod
223 641 243 652 ex
249 636 312 651 uinculo
319 638 397 652 contracto
405 636 429 651 ad
434 636 462 651 lwc
467 638 532 652 tenetur.
547 636 606 652 Postea
611 636 655 652 dicat
661 637 677 652 ei
679 637 767 657 presidens,

143 657 244 674 Societatem
253 658 342 673 electorum
350 663 417 673 suorum
425 658 442 673 in
450 658 496 674 celis:
507 658 588 673 concedat
596 658 626 673 tibi
637 659 743 678 omnipotens
751 661 768 674 et

144 679 235 695 misericors
243 680 288 695 deus.
307 679 338 695 Ad
343 680 386 700 quod
390 685 443 695 omnes
451 680 528 695 inclinent
534 680 605 695 dicentes.
621 679 681 695 Arnen.
704 679 768 695 Deinde

142 701 239 717 ltcemiando
251 706 287 716 eum
300 701 344 717 dicat
358 701 407 717 Unde
420 701 440 717 ad
453 701 539 717 ecclesiam
547 703 564 717 et
572 706 612 721 roga
624 701 678 717 deum.
692 701 767 717 eiusdem

143 723 240 743 genitricem
259 723 339 743 uirginem
359 723 432 738 mariam.
448 725 464 738 et
479 725 555 738 sanctum
575 723 663 743 nginum
678 725 768 743 patronum

144 747 222 760 nostrum.
230 747 247 760 et
255 750 312 760 omnes
324 747 389 760 sanctos
397 749 467 765 quorum
476 750 544 765 corpora
552 745 569 760 in
580 744 612 760 hac
619 745 688 760 ecclesia
696 745 768 766 requies-

143 768 192 782 cunt:
203 768 222 782 ut
229 766 321 782 concedant
329 766 359 781 tibi
367 767 412 786 quod
426 771 456 782 nos
468 767 498 781 tihi
512 766 626 782 concessimus.
635 766 658 782 ita
671 767 716 786 quod
730 769 768 787 post

143 788 186 804 hanc
194 788 246 804 uitam
258 788 279 803 ad
287 788 411 803 fraternitatem*
419 790 436 803 et
444 788 540 803 societatem
549 793 581 808 que
593 788 609 803 in
623 788 662 803 celis
675 791 700 804 est
712 788 768 804 ualeas

143 810 232 830 peruenire,
256 809 286 825 Sic
292 810 383 825 licentiatus
390 810 455 825 recedam
464 815 495 825 unu
502 809 522 825 de
528 809 613 830 fratribus
621 809 661 830 tpsd
669 810 756 825 comitante.

175 848 212 864 The
218 848 311 864 remainder
316 848 335 863 os
340 848 369 864 the
375 848 419 864 third
426 848 460 864 leas
464 848 477 863 is
484 848 563 868 occupied
570 848 593 868 by
598 848 626 864 the
632 848 673 864 form
679 848 767 869 following,

143 870 196 886 which
204 870 218 886 is
226 871 242 885 in
250 870 279 886 the
291 870 335 885 main
347 870 446 890 apparently
454 870 473 885 of
484 870 513 885 the
524 870 570 890 reign
579 870 598 885 os
609 870 680 886 Edward
690 870 727 890 111;
739 870 767 886 the

143 892 175 908 last
187 892 246 908 collect
258 892 272 913 is
285 892 302 907 in
314 897 324 907 a
336 892 381 907 hand
394 891 436 907 later
449 892 489 907 than
503 891 532 907 the
544 894 582 911 rest,
594 892 627 907 and
640 892 669 907 the
683 893 736 908 words
750 892 766 908 in

144 913 220 930 brackets
228 914 299 934 perhaps
307 914 323 929 in
332 918 342 929 a
350 913 394 929 third
402 913 451 929 hand.

176 947 249 963 Domine
256 947 320 963 saluum
329 947 354 963 fac
362 952 418 967 regem
426 953 429 963 :
441 947 523 963 Dominus
531 947 622 963 uobiscum.

176 969 271 990 Quesumus
287 969 392 989 omnipotens
407 969 459 984 deus:
478 971 496 984 ut
515 969 586 984 famulus
602 971 640 984 tuus
656 969 695 984 Rex
711 971 767 985 noster

143 991 235 1007 Edwardus
243 991 271 1011 qui
279 993 308 1006 tua
316 991 423 1006 miseracione
431 991 503 1011 suscepit
510 991 556 1011 regni
568 990 679 1011 gubernacula
686 991 766 1006 uirtutum

143 1013 195 1028 eciarn
203 1013 278 1028 ornnium
290 1012 370 1032 percipiat
384 1012 494 1028 incrementa:
506 1013 566 1032 quibus
579 1012 657 1028 decenter
669 1015 737 1028 ornatus
749 1016 766 1028 et

142 1034 222 1050 uitiorum
234 1034 330 1054 uoraginem
338 1034 416 1050 deuitare.
428 1036 445 1049 et
452 1034 508 1049 hostes
520 1039 606 1054 superare:
618 1036 634 1049 et
642 1034 663 1049 ad
671 1036 688 1050 te
699 1034 727 1054 qui
739 1035 766 1050 uia

143 1056 204 1071 ueritas
219 1058 236 1071 et
256 1056 291 1072 uita
311 1061 332 1071 es.
351 1056 435 1076 graciosus
453 1056 509 1071 ualeat
527 1056 617 1076 peruenire.
632 1061 661 1076 per
679 1056 766 1072 dominum

142 1080 221 1093 nostrum.

174 1109 285 1125 Adducentur
293 1109 327 1130 regi
335 1109 407 1129 uirgines
415 1111 453 1130 post
461 1114 502 1125 eam.

174 1131 240 1147 Adesto
254 1131 321 1147 domine
333 1131 483 1151 supplicacionibus
499 1131 558 1146 nostris
574 1133 590 1146 et
604 1131 648 1146 uiam
664 1130 725 1146 famule
737 1133 765 1147 tue

143 1153 207 1173 Regine
213 1155 269 1168 nostre
275 1153 294 1168 N.
304 1153 319 1168 in
328 1153 385 1168 salutis
392 1155 419 1168 tue
426 1153 534 1173 prosperitate
542 1153 622 1173 dispone:
634 1155 652 1168 ut
659 1153 701 1168 inter
707 1158 765 1169 ornnes

142 1175 169 1190 uie
177 1177 194 1190 et
201 1175 235 1190 uite
242 1174 290 1190 huius
299 1175 387 1190 uarietates
395 1177 425 1190 tuo
433 1179 498 1194 semper
506 1177 602 1195 protegatur
609 1174 676 1190 auxilio.
700 1175 735 1191 Per.

402 1209 405 1217 ¹
412 1209 451 1222 Verso
457 1209 471 1221 ni
475 1209 503 1221 las.
732 1219 734 1222 ⁴

186 1229 278 1241 EVESHAM.
712 1229 725 1241 G
