969 1417
353 153 472 166 BENEBICTIO
479 153 532 166 FONT
530 153 540 165 I
540 152 571 165 HM

151 209 221 226 Letam'e.
245 209 289 229 Quos
295 210 344 230 prior
355 212 371 225 et
380 209 450 226 seniores

151 231 243 247 immediate
257 234 347 252 sequantur
364 234 380 247 et
393 233 450 252 postea

149 253 198 269 uteri
203 253 290 269 secundum
297 253 373 269 ordinm
392 253 451 269 Finita

151 274 212 290 letania
220 275 269 291 abbas
275 277 322 291 stans
333 280 344 290 a
351 277 399 295 parte
412 275 451 290 occi-

150 296 267 316 dentalisantis
271 302 317 312 uerso
322 296 369 312 uultu
374 296 399 312 ad
403 296 450 321 aqua}

151 318 206 334 lotum
227 319 282 334 ceteris
300 319 350 334 etiam
368 318 451 334 mmmris

150 340 232 355 stantzbus
239 340 291 356 uersis
299 340 371 356 uultibus
379 340 403 355 ad
409 340 450 360 som

150 364 184 377 tts:
195 362 263 382 impiat
269 362 417 381 benedicensontes
424 361 452 377 hoc

152 383 197 398 moda
208 384 257 403 quasi
267 383 336 404 legendo.
359 383 450 404 ¹Quoniam

152 405 196 425 apud
208 407 225 420 te
237 407 262 420 est
275 405 313 421 fons
327 404 373 421 uite>1
396 405 419 421 Et
433 405 450 420 in

152 426 214 442 lumine
222 429 255 442 tuo.
288 426 379 443 ¹D0minus
396 427 451 442 uobis-

151 453 194 464 cum.
218 448 298 464 Orcmus.¹

153 482 294 515 lOMnipotens
306 483 366 503 sempi<
377 482 400 503 [p.
416 482 451 498 166.

202 507 249 520 terne
260 505 301 520 deus
316 505 375 520 adesto
391 509 451 524 magne

152 526 330 546 pietatistuemisteriis
336 526 394 542 adesto
397 531 452 541 sacra-

153 548 217 563 mentis*
225 550 242 563 et
254 548 275 563 ad
287 548 385 563 recreandos
397 552 451 563 nouos

152 569 223 590 populos
229 574 271 590 quos
277 570 307 585 tibi
316 569 352 585 sons
360 569 452 590 baptisma-

152 591 174 606 tis
186 591 256 611 parturit
267 591 343 612 spiritum
356 591 451 612 adoptionis

152 613 210 628 emitte
215 619 219 629 τ
231 615 249 628 ut
254 613 299 633 quod
306 615 362 629 nostre
367 613 452 628 humilita-

151 634 173 650 tis
185 635 275 655 gerendum
286 637 312 650 est
320 635 415 650 ministerio.
423 637 451 650 tue

152 656 218 672 uirtutis
232 656 320 677 impleatur
333 656 397 672 effectu.
421 656 452 672 Per

152 678 239 693 dominum
247 681 327 694 nostrum.
337 678 390 694 iesum
401 678 452 693 chris-

153 701 188 715 tum
197 699 249 715 filiurn
264 702 316 715 tuum.
347 699 380 720 Qui
395 702 451 715 tecum

152 721 194 736 uiuit
199 723 216 737 et
222 724 280 741 regnat
285 722 301 737 in
308 722 372 737 unitate
377 721 451 737 eiusdem

152 743 219 763 spiritus
231 743 283 759 sancti
297 743 347 759 deus:
363 743 389 759 hic
402 745 453 758 mutet

152 769 204 780 uocaem
213 770 255 780 more
259 765 361 785 ῥηζίιιιίοηίςΔ

191 800 214 816 Er
225 801 281 816 omnia
292 800 347 816 secula
354 800 452 816 seculorum.

197 822 258 838 Amen*
270 822 354 837 Dominus
360 822 451 837 uobiscum.

155 843 177 859 Et
190 849 227 859 cum
243 844 302 864 spiritu
317 846 352 859 tuo.
382 843 451 859 Sursum

153 865 207 881 cordav
231 865 318 881 Habemus
326 866 348 881 ad
359 865 451 881 dominum,

154 886 220 903 Gratias
225 886 302 908 agasmus
310 887 379 903 domino
387 887 409 907 [p.
417 887 450 906 167.

154 909 185 924 deo
194 911 254 924 nostro.
278 909 357 929 Dignum

157 946 227 978 UEre
235 947 274 967 quia
281 946 351 966 dignum
362 949 380 962 et
391 947 452 962 iustum

199 970 224 983 est
229 967 288 988 equrn†
295 971 312 984 et
320 968 394 984 salutari:
417 968 452 984 Nos

153 989 184 1005 tibi
203 994 268 1010 semper
283 992 300 1005 et
315 990 376 1010 ubique
390 990 452 1010 gratias

154 1016 206 1031 agere.
215 1011 283 1027 domine
290 1014 347 1027 sancte
358 1014 406 1032 pater
417 1017 452 1027 om-

154 1033 232 1053 nipotens
240 1035 296 1049 eterne
304 1033 348 1049 deus
371 1033 405 1053 Qui
410 1033 452 1049 inui-

155 1054 197 1070 sibili
217 1055 292 1075 potentia
310 1057 451 1070 sacramentorum

155 1079 220 1092 tuorum
229 1076 333 1092 inuisibiliter
344 1077 417 1097 operaris
429 1076 452 1092 es—

154 1097 215 1113 sectum
223 1104 226 1113 :
238 1101 255 1114 et
263 1098 300 1114 licet
309 1103 339 1114 nos
350 1098 402 1114 tantis
415 1098 453 1113 mis-

154 1120 199 1135 teriis
207 1120 310 1140 exequendis
317 1120 369 1135 simus
379 1120 453 1140 indigni.

155 1143 172 1156 tu
187 1143 243 1157 tamen
254 1142 307 1162 gratie
319 1144 348 1157 tue
359 1141 404 1157 dona
419 1146 452 1157 non

172 1171 197 1182 ’Δ
206 1173 249 1185 Nerea
254 1173 267 1185 in
273 1174 308 1186 mnu
314 1173 348 1186 hund
354 1173 411 1186 between
417 1173 452 1187 lines.

160 1190 164 1193 ·
170 1188 175 1196 ¹
183 1189 221 1202 Whnt
227 1189 279 1205 follows,
286 1192 299 1202 w
305 1194 317 1206 p.
326 1192 353 1205 ¹7³.
360 1189 370 1202 is
376 1190 418 1204 nmed.

475 209 558 225 deserens.
566 209 617 225 etia-m
629 209 650 225 ad
662 211 727 225 nostras
739 213 776 230 pre-

476 236 503 247 ces
518 236 566 247 aures
581 233 609 247 tue
621 231 689 251 pietatis
702 230 775 247 inclines.

477 253 524 269 Deus
532 252 585 274 (cuius
593 253 660 273 spiritus
668 257 695 268 su-
708 252 730 274 [p.
741 252 776 269 168.

476 279 506 295 per
513 280 565 295 aquas
573 275 616 290 inter
624 275 660 295 ipsa
672 274 730 290 mundi
742 274 776 295 pri-

477 296 541 312 mordia
556 296 639 312 ferebatur
653 298 672 312 ut
687 296 720 312 iam
735 298 775 312 tunc

477 318 555 334 uirtutem
571 317 707 333 sanctificationis
724 322 775 338 aqua-

477 344 513 355 rum
528 342 588 355 natura
603 340 701 360 conciperet.
729 339 775 355 Deus

477 361 505 381 qui
513 361 596 377 nascentis
604 361 662 377 mundi
670 361 739 377 crimina
746 366 776 381 per

477 388 529 403 aquas
552 383 626 399 abluens.
646 383 775 403 regenerationis

477 405 549 425 speciem
557 405 574 420 in
582 405 619 425 ipsa
626 404 684 420 diluuii
695 404 776 420 effusione

477 426 556 447 signasti:
572 429 591 442 ut
606 426 654 442 unius
667 426 775 446 eiusdemque

477 448 554 464 elementi
566 448 644 464 misterio.
652 449 670 463 et
683 447 720 463 finis
732 449 776 463 esset

477 470 521 485 uitiis
532 471 550 485 et
561 470 607 490 origo
619 469 712 485 uirtutibus.
735 469 776 485 Res-

477 492 513 511 pice
525 491 592 507 domine
604 491 621 507 in
634 491 691 507 fatiem
707 491 776 506 ecclesie

477 515 510 529 tue.
516 515 533 528 et
539 513 632 534 multiplica
637 513 654 528 in
662 518 683 528 ea
690 518 775 533 regenera-

478 535 531 550 tiones
539 537 580 550 tuas,
588 535 616 555 qui
625 535 678 555 gratie
686 537 714 550 tue
722 533 776 556 aflflu-

478 556 520 572 entis
525 557 588 577 impetu
594 556 662 572 letificas
667 556 706 572 ciui·
712 556 734 576 [pi
742 556 776 575 169.

477 580 530 594 tatem
537 580 594 594 tuam:
606 578 702 598 fontemque
714 578 777 598 baptis-

478 600 527 615 matis
535 600 589 620 aperis
597 602 633 616 toto
644 600 685 615 orbe
695 601 776 615 terrarum

478 621 657 642 gentibusinnouandis
660 623 679 637 ut
683 623 712 637 tue
717 621 776 636 maies-

478 643 517 659 tatis
529 643 608 663 imperio.
626 645 682 659 sumat
694 643 776 663 unigeniti

479 665 503 680 tui
514 665 585 685 gratiam
603 665 624 680 de
639 665 697 685 spiritu
713 667 775 680 sancto.

478 687 512 702 Hic
519 687 586 702 dmidat
593 691 653 707 aquam
661 692 711 702 manu
719 692 750 702 sua
758 686 776 702 in

477 708 544 724 modum
550 708 606 724 crucis.
626 708 659 728 Qui
667 708 710 723 hanc
715 713 776 728 aquam

478 730 594 750 regenerandis
599 730 695 745 hominibus
699 734 778 750 prepara!

478 753 512 767 tam
521 752 592 767 archana
600 752 625 767 sui
633 752 700 767 luminis
711 751 778 767 admix-

478 773 523 789 tione
538 773 625 789 secundet:
648 775 667 788 ut
685 773 777 788 sanctifica—

479 795 525 810 tione
537 797 618 815 concepta
633 795 655 810 ab
668 794 776 810 immaculato

479 817 530 832 diuini
546 816 596 832 fontis
611 819 663 832 utero*
679 817 695 832 in
715 821 776 832 nouam

479 840 553 853 renatam
574 841 666 854 creaturam
688 838 776 858 progenies

478 860 543 877 celestis
555 859 640 880 emerlgat-
669 859 692 875 Et
705 859 728 880 [p.
742 864 776 879 17⁰-

478 887 521 902 quos
529 884 558 897 aut
569 887 620 897 sexus
632 882 649 897 in
657 886 735 902 corpore:
747 883 777 897 aut

479 905 514 919 etas
522 903 600 919 discernit
613 903 629 918 in
640 905 726 923 tempore:
741 908 776 919 om-

479 930 508 940 nes
516 925 533 940 in
541 930 591 940 unam
599 925 653 945 pariat
661 925 715 946 gratia
723 927 776 940 mater

479 947 572 962 infanciam.
600 947 658 962 Procul
678 952 718 967 ergo
737 946 775 962 hinc

479 969 640 984 iubentetedomine
647 969 701 984 omnis
710 968 777 988 spiritus

478 990 567 1006 inmundus
577 990 665 1006 abscedat:
677 990 733 1010 procul
741 992 778 1006 tota

479 1012 555 1032 nequicia
563 1012 645 1027 diabolice
651 1012 713 1027 fraudis
725 1012 777 1027 absis-

478 1035 508 1049 tat,
528 1033 583 1049 Nichil
595 1033 621 1049 hic
629 1034 660 1049 loci
669 1033 730 1049 habeat
737 1038 777 1049 con>

479 1055 528 1071 trarie
543 1055 608 1070 uirtutis
624 1055 722 1071 ammixtio:
743 1060 777 1070 nou

479 1077 574 1093 insidiando
582 1077 689 1092 circumuolet
697 1083 700 1092 :
712 1082 745 1092 non
753 1077 777 1092 la-

479 1099 531 1114 tendo
546 1098 632 1119 surrepat¹
643 1103 677 1114 non
688 1098 778 1114 inficiendo

479 1123 578 1141 corrumpat.
605 1120 632 1136 Sit
646 1120 676 1136 hec
690 1122 748 1135 sancta
761 1122 778 1136 et

479 1142 558 1158 innocens
564 1141 646 1163 creatusra
654 1141 706 1157 libera
713 1141 735 1162 [p
743 1145 777 1161 171.

479 1164 501 1179 ab
508 1164 553 1179 omni
562 1163 692 1184 impugnationis
700 1164 778 1179 incursu:

528 1188 533 1196 ¹
541 1189 569 1202 ns
576 1189 642 1205 originally
648 1189 712 1205 eampum
