3096 5092
569 289 807 340 BENEDICTIO
823 288 1004 339 FONTIUM.

437 421 478 486 95
1093 406 1140 485 96

163 520 198 574 et
223 518 330 580 tocius
355 520 500 601 nequitie
528 529 669 601 purgata
695 520 761 582 dis·
811 526 849 580 ut
886 526 995 599 preter
1030 518 1244 603 naturaslem
1280 518 1330 603 [p.
1364 534 1420 601 174

165 620 266 666 cessu.
314 606 366 669 Sit
390 606 463 669 sons
490 612 525 681 »Β
552 607 648 669 uiuus
671 627 759 687 aqua
812 604 1084 667 emundationem
1115 624 1228 687 quam
1273 606 1420 671 lauandis

165 695 199 762 ›1‹
215 712 410 772 regenerans
420 694 510 756 unda
526 699 560 768 »1⁴
575 693 758 775 purificans.
810 700 949 772 possunt
1008 691 1170 755 adhibere
1226 694 1420 777 corporibus

164 776 212 840 Ut
223 799 340 842 omnes
349 780 412 842 hoc
424 779 580 843 lauachro
589 779 759 843 salutifero
810 778 876 840 sint
892 778 993 840 etiam
1010 777 1233 860 purificandis
1252 782 1417 845 mentibus

161 863 309 927 diluendi
325 875 484 948 operante
508 868 540 928 in
567 868 614 929 eis
641 868 756 949 spiritu
808 864 963 927 efficaces.
1009 865 1077 927 Hic
1098 866 1207 927 stillet
1220 866 1265 929 de
1280 888 1369 931 cereo
1387 869 1417 931 tir

161 961 298 1014 sancto:
323 953 468 1035 perfecte
483 955 690 1036 purgationis
707 955 755 1017 in·
797 953 928 1031 fontem
966 951 1000 1012 in
1049 952 1185 1014 modum
1237 955 1359 1017 crucis.
1391 966 1417 1019 et

160 1037 367 1120 dulgentiam
384 1051 636 1121 consequantur.
685 1040 756 1105 Un-
797 1038 1015 1118 facienscum
1029 1058 1113 1101 cereo
1126 1060 1263 1103 cmcem
1281 1042 1415 1123 insonte

160 1125 202 1186 de
218 1124 379 1190 benedico
401 1137 435 1190 te
455 1126 657 1203 creaturaml
671 1149 758 1209 aque
805 1124 894 1187 dicat
928 1125 1093 1188 cantando.
1140 1126 1366 1192 ¹Descendat
1385 1130 1411 1191 in

160 1230 219 1291 per
233 1213 332 1275 deum
353 1222 388 1288 *l*
408 1216 542 1278 uiuum:
575 1236 633 1297 per
655 1218 754 1278 deum
805 1209 890 1273 hanc
914 1212 1153 1293 plenitudinem
1180 1212 1293 1277 sontis
1318 1218 1412 1279 uirtus

163 1305 198 1371 *l*
218 1319 352 1363 uerum:
387 1322 446 1383 per
471 1303 569 1365 deum
599 1307 634 1376 »Β
662 1322 755 1364 sanc·

159 1395 251 1449 tum:
275 1408 333 1469 per
348 1389 448 1451 deum
464 1390 521 1471 qui
537 1399 571 1451 te
587 1390 620 1450 in
637 1390 755 1470 princi-

160 1474 216 1554 pio
246 1475 348 1537 uerbo
378 1477 546 1558 separauit
577 1476 619 1538 ab
653 1477 753 1539 arida.

157 1560 250 1622 cuius
277 1561 424 1644 spilritus
445 1583 543 1645 super
565 1573 599 1625 te
622 1561 754 1645 [p.172.

157 1645 329 1711 ferebatur.
341 1652 441 1731 quite
453 1653 495 1712 de
508 1650 673 1731 paradyso
684 1671 752 1712 ma-

158 1753 236 1796 nare
252 1737 366 1800 iussit:
390 1746 423 1800 et
440 1739 472 1799 in
488 1746 631 1818 quatuor
646 1736 753 1799 ilumi-

158 1821 254 1883 nibus
270 1832 378 1886 totam
403 1834 523 1886 terram
548 1824 654 1905 rigare
679 1845 753 1905 pre·

156 1909 252 1988 cepit.
297 1909 366 1972 Hic
388 1912 484 1972 eiciat
506 1930 626 1990 aqucrm
652 1931 752 1972 laianu

152 2015 214 2055 sua
230 1996 265 2056 in
280 1997 409 2058 modum
424 1999 535 2059 crucis.

231 2173 275 2236 Ui
313 2184 346 2237 te
373 2176 405 2237 in
444 2176 576 2239 deserto
605 2198 753 2239 amaram

243 2262 410 2324 suauitate
441 2263 547 2325 indita
578 2264 655 2327 fecit
680 2283 752 2326 esse

154 2346 355 2427 potabilem:
379 2358 412 2412 et
442 2350 590 2414 scicienti
629 2349 754 2432 populo

153 2434 196 2496 de
233 2444 327 2516 petra
357 2438 525 2517 produxit.
586 2437 753 2500 Benedico

153 2530 186 2584 te
208 2532 242 2584 et
266 2544 324 2604 per
346 2524 678 2597 ihesumfflchristum
703 2524 750 2587 fil-

153 2608 221 2671 ium
238 2611 308 2672 eius
324 2612 459 2673 unicum
482 2612 656 2674 dominum
673 2632 748 2675 nos·

152 2705 260 2759 trum:
283 2699 339 2779 qui
371 2707 404 2761 te
431 2700 464 2760 in
494 2699 601 2761 chana
627 2698 747 2780 galilee

151 2786 247 2866 signo
277 2786 464 2849 admirabili
501 2807 561 2850 sua
599 2789 749 2868 potentia

151 2874 315 2935 conuertit
338 2874 370 2935 in
394 2876 518 2936 uinum.
565 2873 631 2955 Qui
655 2875 747 2955 pedi-

150 2960 212 3022 bus
224 2980 324 3041 super
334 2970 367 3022 te
376 2958 575 3042 lambulauit
588 2985 594 3023 :
618 2961 662 3043 [p.
680 2976 747 3042 173.

151 3055 185 3109 et
209 3067 229 3108 a
253 3047 396 3108 iohanne
423 3049 455 3109 in
484 3049 621 3110 iordane
651 3049 683 3109 in
715 3058 748 3111 te

150 3133 340 3214 baptizatus
355 3142 414 3196 est.
461 3133 527 3215 Qui
538 3144 571 3196 te
586 3154 653 3196 una
669 3156 745 3198 cum

150 3220 311 3302 sanguine
323 3220 366 3282 de
376 3219 477 3283 latere
494 3241 554 3282 suo
567 3222 746 3302 produxit:

151 3317 184 3370 et
209 3307 379 3387 discipulis
404 3309 471 3369 suis
498 3309 599 3369 iussit.
616 3319 653 3371 ut
678 3330 746 3371 cre-

148 3396 266 3457 dentes
279 3394 525 3476 baptizarentur
535 3397 567 3458 in
579 3407 611 3459 te
623 3399 745 3460 dicens.

151 3482 202 3544 lte
228 3483 347 3545 docete
371 3504 487 3545 omnes
517 3494 634 3564 gentes
665 3486 745 3566 bap·

806 1299 940 1379 spiritus
957 1299 1004 1361 tui
1017 1309 1194 1379 totamque
1210 1300 1319 1364 huius
1334 1322 1411 1385 aque

806 1385 1026 1448 substantiam
1052 1388 1278 1467 regenerandi
1307 1388 1409 1452 fecun-

806 1472 864 1534 det
879 1472 1009 1534 effectu.
1031 1472 1097 1534 Hic
1112 1475 1272 1536 omnium
1299 1496 1408 1557 pecca·

805 1566 915 1621 torum
929 1558 1057 1622 macule
1066 1560 1266 1623 deleantur:
1292 1562 1348 1625 hic
1358 1583 1408 1627 na·

804 1653 879 1708 tura
904 1647 946 1708 ad
970 1646 1162 1727 ymaginem
1180 1648 1232 1710 tui
1261 1649 1404 1713 condita.

804 1742 838 1795 et
862 1733 904 1794 ad
928 1733 1086 1796 honorem
1111 1732 1205 1815 [sui²]
1229 1734 1406 1801 reformata

805 1820 964 1900 principii.
977 1820 1103 1882 cunctis
1116 1822 1303 1885 uetustatis
1313 1844 1404 1905 squa-

804 1906 928 1969 loribus
957 1907 1162 1968 emundetur.
1176 1902 1233 1988 lut
1258 1906 1308 1994 [p.
1342 1924 1401 1990 175.

803 1994 912 2055 omnis
935 1992 1036 2054 homo
1058 1995 1121 2055 hoc
1153 2006 1401 2059 sacramentum

805 2080 1063 2162 regenerationis
1079 2083 1260 2161 ingressus.
1279 2083 1315 2144 in
1332 2103 1401 2147 uere

802 2165 990 2229 innocentie
1048 2185 1171 2228 nouam
1226 2168 1400 2233 infantiam

804 2250 1016 2316 renascatur.l
1059 2253 1215 2315 Demissa
1246 2276 1322 2318 uoce
1345 2258 1401 2319 Per

801 2341 982 2402 dominum.
1024 2338 1063 2401 In
1090 2340 1219 2403 unitate
1244 2343 1398 2406 eiusdem.

798 2427 867 2489 Hic
889 2426 1046 2489 subnatat
1069 2426 1103 2488 si
1126 2427 1238 2489 nullus
1251 2439 1303 2492 est
1327 2430 1398 2513 bap·

799 2514 958 2576 tizandus.
1006 2513 1051 2577 Si
1070 2534 1143 2575 uero
1158 2514 1305 2595 aliquis:
1329 2526 1399 2579 tunc

799 2622 833 2662 eo
847 2603 942 2681 facto
964 2600 1155 2663 caticumino
1183 2600 1234 2663 ad
1259 2602 1397 2665 leostium

798 2688 917 2749 ecclesie
944 2688 1055 2750 mittat
1091 2687 1190 2750 abbas
1217 2689 1343 2753 cresma
1367 2690 1398 2752 in

798 2776 931 2856 aquaead
959 2794 1081 2836 crucem
1102 2774 1236 2854 faciem
1264 2776 1306 2837 de
1335 2776 1397 2859 ipso

798 2862 948 2923 crebritate
974 2861 1081 2923 dicens
1116 2860 1248 2941 legendo
1271 2860 1396 2927 Fecun-

799 2949 898 3011 detur
927 2958 960 3010 et
986 2946 1210 3010 sanctificetur
1236 2947 1313 3011 fons
1337 2951 1395 3013 iste

799 3035 862 3097 hoc
900 3034 1076 3097 salutifero
1124 3035 1288 3099 crismate.
1358 3037 1395 3099 In

799 3123 933 3184 nomine
958 3123 1061 3203 patris
1077 3131 1111 3184 et
1136 3120 1193 3183 filii
1209 3130 1244 3183 et
1260 3123 1395 3204 spiritus

798 3212 912 3271 sancti.
958 3227 1064 3271 amen.
1129 3207 1258 3270 Devade
1304 3209 1394 3272 simi-
1463 3224 1467 3229 '

795 3295 872 3357 liter
884 3296 986 3357 oleum
1009 3294 1146 3358 dicende.
1192 3293 1395 3360 Coniunctio

798 3381 862 3444 olei
894 3383 1067 3444 unctionis.
1098 3390 1132 3444 et
1156 3401 1243 3462 aque
1268 3382 1393 3465 baptis-

797 3470 915 3532 matis:
939 3470 971 3531 in
1000 3469 1135 3531 nomine
1159 3468 1265 3549 patris
1288 3479 1323 3533 et
1339 3468 1394 3533 filii

148 3570 288 3632 tizantes
305 3591 362 3633 eos
383 3571 415 3632 in
439 3572 575 3634 nomine
599 3573 746 3652 paffltris
797 3566 830 3617 et
853 3556 988 3637 spiritus
1019 3556 1133 3655 5³¹¹?st
1159 3554 1283 3619 Amen·
1313 3556 1394 3619 POS-

148 3666 182 3720 et
198 3655 299 3730 fiffilii
315 3669 348 3721 et
363 3660 541 3741 spiriffltus
552 3657 679 3721 sancti.1
694 3658 748 3722 ln’c
797 3652 847 3704 lm
866 3652 1038 3722 utrumque
1055 3642 1159 3703 ”mul
1173 3662 1246 3703 sum
1273 3642 1396 3707 duobus

147 3756 251 3808 mutet
264 3767 368 3808 uocem
394 3747 492 3827 quasi
511 3747 559 3808 ad
568 3747 744 3827 legendum.
795 3725 1036 3828 ²335W‘ml2225
1055 3730 1244 3829 Cfflqu·
1260 3728 1306 3830 [P2
1329 3728 1395 3810 ¹7⁶·

149 3833 223 3895 Hec
249 3833 344 3895 nobis
361 3844 518 3915 precepta
536 3833 745 3896 seruantibus
793 3816 900 3916 lfend‘?
922 3816 1028 3916 d²f⁶²²⁸
1044 3815 1396 3916 §on1unct10cnsma-

147 3930 181 3982 ω
221 3920 303 3982 deus
345 3921 558 4002 omnipotens
598 3920 744 3982 clemens
793 3911 836 3965 tls
863 3901 1140 3965 SdssCtlficathsslS.
1167 3911 1202 3964 et
1223 3901 1290 3965 olel
1316 3922 1396 3967 unc·

147 4007 263 4069 adesto
279 4016 315 4070 tu
338 4008 502 4089 benignus
525 4008 668 4090 aspira?
698 4006 747 4069 Et
795 3990 903 4052 tionis.
931 3999 964 4053 et
988 4009 1074 4089 aque
1103 3989 1340 4092 baptismatise
1363 3992 1396 4053 in

144 4095 266 4176 aspiret
301 4095 336 4157 in
363 4098 493 4176 fontem
531 4095 566 4157 in
614 4094 744 4156 modum
794 4083 928 4176 n0mi¹Je
944 4084 1047 4158 Patrls
1063 4084 1097 4138 et
1113 4074 1184 4137 fil¹¹⁴
1199 4084 1234 4138 et
1256 4086 1397 4159 ⁵P¹f¹t¹¹⁸

144 4182 248 4243 cruces
267 4191 317 4244 ter
331 4182 468 4265 legendo.
514 4182 566 4244 Tu
583 4180 643 4243 has
665 4181 743 4242 sim·
793 4171 907 4226 sanct¹·
973 4163 1094 4225 Amen·
1166 4162 1198 4224 T
1194 4182 1258 4224 unc
1290 4174 1399 4246 ponat

145 4267 248 4348 plices
273 4290 377 4351 aquas
393 4280 452 4333 tuo
468 4290 524 4332 ore
546 4267 742 4331 benedicito
825 4318 986 4373 1-1N01ed.
1021 4319 1393 4386 tsuaddedbylaterhand.

822 4385 834 4420 ⁸
850 4405 907 4438 cum
918 4388 972 4452 ipsa
982 4387 1086 4437 billione
1096 4384 1181 4436 added
1190 4386 1218 4436 in
1229 4388 1295 4439 later
1306 4390 1389 4447 baud.

178 4395 186 4425 ¹
205 4400 274 4448 Here
286 4399 328 4448 the
339 4398 452 4448 notation
465 4398 534 4448 ends.
824 4452 834 4482 ⁴
850 4451 903 4504 &fi
926 4453 1043 4518 repeated

176 4461 230 4501 2-‘3
245 4464 330 4514 Noted
341 4463 368 4512 in
379 4464 450 4513 small
462 4463 539 4523 hand,
549 4463 662 4511 between
669 4459 740 4510 lines.
