3096 5092
570 310 727 360 AGENDA
746 312 998 364 MORTUORUM.

437 462 493 525 131
1099 468 1157 531 ¹32

176 575 271 616 uersu
281 555 462 638 ¹Suscipiat
472 579 545 620 eam
562 559 703 622 christus
715 561 772 641 qui
817 580 882 623 esse
895 561 965 624 sine
979 573 1141 625 conuentu.
1157 583 1284 644 excepto
1299 562 1430 644 quando

179 643 310 705 uocauit
320 654 353 705 et
366 645 398 705 in
410 646 482 706 sinu
497 644 633 727 asbrnhe
646 646 689 728 [p.
703 663 774 725 232.
818 659 940 710 canunt
952 648 1049 711 leoras
1064 651 1118 712 uel
1129 651 1269 712 missam
1286 652 1347 713 uel
1364 651 1430 713 sint

177 729 286 809 angeli
317 731 496 793 deducant¹
525 733 627 794 Alius
663 754 776 796 uersus
819 735 854 795 in
872 736 1016 815 capitulo.
1032 756 1086 798 seu
1113 736 1148 798 in
1173 738 1357 818 refectorii).
1372 747 1429 800 aut

179 815 342 896 Requiem
386 827 542 880 eternam.
587 830 619 881 et
660 830 777 883 cessent
821 822 855 883 in
885 822 1073 885 dormitorio
1095 823 1310 887 uerutum&
1340 823 1426 887 lteris

178 903 289 964 omnio
338 903 441 984 sigua.
486 906 585 967 locato
631 918 776 987 corpore:
819 907 867 969 Et
883 918 960 970 tuuc
973 919 1080 971 tamen
1102 911 1301 991 deputentur
1323 910 1429 993 aliqui

179 999 371 1070 aspergatur
383 1001 415 1052 et
428 992 612 1054 incensetur.
628 1003 660 1054 et
665 1004 777 1074 postea
821 991 958 1077 [fratres
966 997 1026 1076 qui
1033 996 1081 1058 ibi
1091 1009 1288 1060 remaneant.
1296 997 1345 1079 [p.
1357 1015 1376 1061 2
1379 1014 1424 1077 34

179 1086 269 1156 roget
288 1097 380 1138 orare
394 1088 457 1157 pro
478 1099 512 1140 eo
526 1078 656 1141 dicendo
680 1082 778 1142 Pater
819 1082 873 1142 leec
894 1082 1077 1162 antiquitus
1098 1084 1222 1146 usitata
1235 1086 1427 1164 sueruntet

180 1173 299 1225 noster.
308 1173 417 1243 preces
436 1174 473 1227 ut
491 1168 602 1246 supra⁹
624 1188 695 1228 cum
718 1167 779 1229 liae
821 1166 901 1230 bene.
939 1169 1325 1251 (IPostcompletorium
1341 1172 1425 1235 dicto

179 1249 327 1312 oratione.
822 1255 912 1316 trina
926 1256 1068 1318 oratrnne
1079 1280 1090 1320 .·
1105 1258 1193 1320 dicat
1207 1259 1362 1321 uouicius
1372 1258 1427 1339 qui

820 1350 869 1404 est
892 1342 940 1403 ad
960 1342 1103 1406 tabulam
1123 1345 1278 1424 quomodo
1292 1347 1426 1425 fratres

232 1433 355 1516 Uscipe
378 1435 513 1498 domine
535 1458 666 1500 seruum
683 1449 777 1500 tuum
812 1438 876 1507 per
917 1440 1058 1509 qualuor
1099 1431 1237 1512 ut'gtlt'cls
1289 1431 1427 1494 debeant

240 1520 279 1583 Ν,
305 1523 337 1583 in
366 1521 591 1586 habitaculum
616 1535 774 1587 eternum,
820 1514 1058 1596 uzgrztorectrca
1072 1517 1255 1599 corpusleoc
1269 1520 1374 1583 modo.

178 1615 212 1669 et
245 1609 289 1670 da
319 1608 348 1669 ei
387 1611 532 1690 requiem
564 1622 597 1674 et
636 1632 773 1692 regnum
1272 1632 1278 1639 ·

178 1694 334 1756 celestem
367 1696 548 1758 ierusalem.
575 1706 608 1760 et
639 1719 715 1761 eum
741 1699 773 1760 in
826 1692 893 1819 ΙΝ
949 1694 1056 1773 prima
1109 1695 1242 1777 uigilia:
1303 1698 1425 1762 dexter

177 1781 302 1844 sinibus
337 1784 596 1863 patriarcharum
641 1795 773 1847 tuorum
868 1780 996 1842 chorus.
1022 1782 1061 1844 In
1089 1785 1256 1847 secunda:
1288 1787 1423 1848 sinister

177 1868 307 1930 abrahe.
324 1890 431 1949 ysaac,
448 1880 481 1931 et
498 1871 599 1933 iacob,
612 1872 774 1934 collocare
820 1869 946 1929 chorus.
961 1868 1051 1930 Inter
1063 1870 1264 1934 matutinas:
1283 1873 1424 1935 sacrista

176 1956 329 2035 digneris.
362 1967 398 2018 ut
427 1956 549 2019 habeat
580 1970 708 2039 partem
740 1959 773 2020 in
820 1973 895 2015 cum
933 1956 1108 2017 conuersis
1147 1965 1180 2019 et
1224 1959 1259 2020 in
1304 1980 1422 2023 mane:

176 2043 283 2123 prima
328 2044 572 2106 resurrectione.
610 2053 644 2107 et
689 2046 774 2107 inter
820 2040 909 2120 prior
938 2061 1013 2103 cum
1042 2043 1188 2105 nouiciis.
1212 2055 1244 2107 et
1273 2045 1311 2108 in
1343 2068 1421 2108 una-

176 2139 401 2209 resurgentes:
445 2139 566 2211 surgat.
612 2140 645 2194 et
690 2132 775 2194 inter
818 2147 943 2206 quaque
972 2128 1112 2210 achlin:
1142 2140 1287 2194 canatur
1299 2133 1422 2215 psalte·

176 2216 394 2296 suscipientes
443 2237 581 2298 corpora
633 2219 665 2280 in
720 2220 774 2281 die
819 2213 907 2275 rium
924 2213 1086 2296 integrum
1101 2220 1423 2283 cumcomendatinnc

176 2302 442 2364 resurrectionis:
502 2325 621 2385 corpus
676 2326 772 2368 suum
818 2300 933 2363 anime.
990 2303 1134 2383 uesperti-
1194 2304 1335 2386 uzgtltzs.
1393 2318 1424 2369 et

175 2389 341 2470 suscipiat.
371 2400 405 2451 et
435 2410 510 2452 cum
542 2391 723 2454 benedictis
755 2413 774 2453 a
819 2388 999 2450 utatutim's.
1024 2395 1058 2464 (I
1080 2390 1170 2452 Aule
1193 2392 1333 2456 messam
1360 2404 1422 2475 pro

175 2475 303 2538 dextris
326 2476 379 2538 dei
401 2477 629 2540 uenientibus:
652 2480 773 2541 ueniat.
818 2473 966 2552 defuncto
988 2475 1228 2542 celebrandam:
1257 2476 1423 2563 [²temporc

175 2571 209 2624 et
247 2563 332 2624 inter
358 2561 580 2646 posssidentes
613 2561 657 2649 [p.
690 2581 707 2625 2
713 2583 729 2644 3
734 2567 774 2644 3.⁸
812 2561 938 2639 yemali
964 2562 1095 2625 dicatur
1122 2565 1221 2627 tercia
1250 2567 1318 2629 alu
1349 2589 1422 2630 uero

176 2650 280 2711 uitam
307 2659 456 2711 eternam
488 2652 663 2731 possideat.
691 2653 773 2713 Per.⁴
819 2657 956 2728 tempore
1001 2649 1098 2728 facta
1142 2651 1233 2714 trina
1276 2654 1424 2717 oratione

175 2736 257 2798 He'e's
276 2737 414 2818 finitis:
447 2738 572 2800 recedat
595 2749 774 2800 conuentus.
813 2735 963 2815 pulsetur
996 2735 1045 2797 ad
1084 2737 1260 2818 capitulum
1294 2740 1342 2823 et]
1386 2741 1420 2802 in

174 2822 346 2884 secuudum
388 2834 495 2886 tamen
533 2846 651 2887 morem
689 2827 775 2887 anti·
819 2821 955 2901 capitulo
969 2831 1162 2903 anteaquam
1177 2837 1291 2907 corpus
1312 2828 1421 2909 sepeli-

174 2931 297 2990 quum:
327 2910 460 2972 sedeant
483 2912 624 2993 undique
644 2912 776 2992 fratres
817 2917 916 2970 atur:
957 2911 1077 2986 lomnes
1101 2912 1233 2990 fratres
1267 2912 1313 2995 [p.
1352 2927 1421 2995 235.

167 2996 413 3076 percircuitum.
424 3007 569 3061 canentes
571 3000 775 3079 psalterium.
818 2993 1421 3081 diiapliuamreupeautprodefuncto.

180 3083 386 3165 Quacumque
414 3086 500 3147 enim
531 3086 582 3147 die
610 3107 665 3147 seu
695 3087 775 3147 liora
811 3081 909 3161 prior
933 3103 1008 3144 uero
1031 3084 1221 3147 mentionem
1238 3087 1361 3166 faciat.
1385 3088 1424 3151 dc

176 3170 578 3252 dieirnegsrouere'tfrater.
594 3173 663 3234 siue
678 3182 776 3234 estate
820 3168 930 3229 missis
963 3169 1159 3233 celebrandis
1186 3182 1249 3253 pro
1281 3195 1324 3237 eo.
1348 3185 1424 3257 post

176 3258 245 3319 siue
279 3257 394 3336 leyeme.
417 3269 493 3338 post
527 3259 702 3340 depositum
740 3260 776 3321 in
819 3255 994 3335 capitulum
1020 3268 1097 3320 eant
1120 3279 1228 3321 omnes
1253 3281 1356 3341 usquc
1378 3260 1427 3324 ad

179 3344 304 3406 ecclesia
348 3356 459 3425 corpus
502 3366 609 3407 omnes
645 3346 777 3425 fratrer
819 3361 927 3402 corum
944 3363 1030 3405 more
1041 3344 1134 3407 solito
1148 3355 1294 3409 canentes
1306 3348 1422 3413 Uerba

178 3431 391 3493 communiter
445 3433 577 3495 sedeant
632 3434 778 3494 canentes
822 3425 918 3490 mea.3
940 3429 992 3490 Et
1005 3440 1117 3510 postea
1131 3433 1285 3512 pulsetur
1312 3436 1424 3498 maius

171 3518 375 3598 psalterium.
413 3528 444 3579 et
475 3528 553 3600 post
581 3520 777 3599 psalterium
819 3515 951 3595 si'grnum
996 3516 1101 3579 tribus
1143 3518 1266 3583 ictibus.
1311 3532 1354 3586 ut
1393 3523 1427 3586 si

180 3605 481 3669 commendationem
497 3606 611 3668 anime.
625 3617 777 3687 uesperas.
812 3602 904 3680 forte
940 3603 1061 3665 alicubi
1093 3605 1182 3669 sint:
1222 3609 1423 3672 conueniant.

181 3691 324 3772 uigilias,
356 3691 538 3754 rnatutinos,
569 3692 666 3755 uerba
700 3715 778 3756 mea,
820 3688 946 3751 Deinde
968 3689 1164 3754 subsacrista
1186 3691 1304 3757 lrabeat
1327 3717 1427 3759 ccrccs

181 3786 213 3840 et
254 3778 310 3840 luc
350 3779 460 3841 eadem
495 3780 693 3860 frequenter.
734 3781 782 3843 Et
813 3779 1017 3856 preparatus*
1068 3788 1099 3840 ct
1140 3779 1255 3843 tradat
1297 3783 1425 3847 une'crei·

182 3885 378 3946 quacumque
431 3864 512 3928 liora
555 3866 624 3928 diei
666 3869 783 3948 frater
856 3884 906 3936 ¹ia
917 3891 1033 3953 repeated
1045 3891 1071 3939 in
1083 3892 1139 3942 MS.

183 3951 318 4015 οοοο
333 3973 510 4033 οοοοοοο
526 3951 655 4038 erere]
671 3965 782 4035 οοο
823 3949 1428 4095 mirre{tremuere

217 4083 268 4122 ¹-¹
286 4087 378 4136 Noted.
824 4084 905 4146 rently
911 4085 1010 4134 written
1021 4102 1079 4136 over
1090 4103 1122 4135 an
1134 4103 1231 4138 erasure
1241 4092 1293 4140 and
1305 4101 1352 4143 not
1361 4096 1430 4160 quite

215 4151 225 4182 ²
240 4153 270 4200 In
282 4153 378 4215 margin
390 4152 422 4202 bv
434 4153 495 4201 later
506 4151 582 4211 hand,
597 4153 656 4200 Non
670 4153 746 4202 intres
756 4153 782 4202 in
823 4150 904 4211 filling
914 4150 957 4200 the
968 4167 1049 4226 space.
1307 4222 1313 4233 ι

182 4216 569 4331 ἰ“(ἒὶῗ““ὶωῗᾜὲῗὲἑ“3ῐο1·
883 4215 1430 4346 ¹⁸2ssiig¹¹ii⁵²toitr¹2²⁰iffir¹222⁰⁵5ffi⁰”

214 4298 380 4397 *Didiinurn
407 4298 519 4396 nostrnin
546 4347 629 4396 added
656 4347 690 4413 by
717 4348 780 4398 later
824 4349 853 4396 in
864 4299 934 4396 eninm
944 4353 968 4394 ct
973 4317 1113 4422 peragatur
1122 4347 1198 4396 missa
1208 4365 1265 4398 cum
1277 4300 1431 4407 cantore&

180 4413 256 4464 hand.
856 4413 866 4443 ⁴
883 4414 913 4462 In
924 4428 1020 4475 margin
1032 4413 1110 4471 (same
1120 4411 1189 4461 hand
1200 4429 1228 4462 as
1239 4415 1284 4466 the
1291 4418 1343 4469 last
1354 4420 1432 4473 inser·

211 4476 222 4509 ⁵
238 4488 249 4530 t
260 4478 365 4528 omitted
377 4478 409 4541 by
420 4477 525 4543 original
538 4477 613 4527 hand.
823 4477 895 4541 tion),
908 4493 964 4528 eum
976 4477 1029 4526 illis
1039 4478 1086 4541 qui
1095 4483 1156 4526 sunt
1165 4485 1241 4543 super
1248 4480 1376 4537 berctam.
1412 4522 1415 4527 .
