3096 5092
574 311 620 359 IN
633 311 704 360 DIE
719 309 944 360 PARASCEUE

417 437 459 516 87
1067 432 1110 495 88

144 547 342 610 Benedicite.
380 547 541 610 submissa
578 567 649 609 uoce
688 546 743 609 det
785 538 907 628 pleant.
956 545 1026 623 Quo
1048 543 1205 624 completo
1229 540 1329 603 dicat
1344 537 1403 602 Ab·

143 633 503 696 abbasbemdiccioriem.
529 631 664 696 1Potum
676 653 740 695 ser·
793 633 858 697 bas.
899 633 1061 714 Requiem
1073 638 1233 693 eternam
1250 636 1402 690 etceteru

144 741 261 783 uorum
284 741 427 783 suorum.
449 731 482 782 et
504 729 620 783 cetera.
644 721 742 782 etsie
793 721 843 783 Et
869 720 956 782 dicta
978 717 1122 781 oratione
1145 714 1352 778 dominica:
1377 721 1404 774 et

144 816 198 869 cot
226 807 273 868 od
302 807 444 888 digitum
482 807 569 869 untlo
600 817 675 868 tunc
710 807 743 868 ei
786 806 935 888 precibus
957 826 1028 867 cnm
1054 804 1205 867 oratione
1236 802 1268 864 F
1270 800 1401 863 idelium

143 903 337 974 assurgente.
367 894 537 974 tradatque
559 894 671 973 priori
697 893 740 954 ci·
795 896 884 957 deus,
900 902 1015 955 exeant
1027 901 1059 954 et
1071 899 1150 953 eant
1174 890 1213 952 in
1230 888 1352 968 mptis
1370 906 1402 949 oc

135 978 240 1060 plium
255 1001 326 1042 clim
342 981 419 1042 nino
441 979 648 1042 deosculando
671 1001 740 1041 iiia·
794 980 983 1061 disciplinas
992 975 1325 1040 suniautsecunduin
1339 994 1400 1035 cou-

144 1087 222 1128 unm
238 1067 307 1128 eius
320 1091 331 1129 .·
352 1067 457 1147 sicque
469 1067 583 1145 faciat
602 1067 743 1147 si‘ngnlis
794 1066 1003 1129 suetudinem.
1038 1063 1151 1127 Abbas
1172 1063 1283 1125 etiam
1308 1062 1401 1124 iuter·

143 1173 183 1215 er
196 1163 332 1233 utraque
339 1163 442 1233 parte.
458 1151 585 1237 siia'pi-
596 1153 640 1235 [p.
659 1166 693 1231 15
701 1155 739 1231 5.²
794 1155 840 1216 sit
858 1152 995 1234 capitulo
1009 1161 1041 1214 et
1055 1150 1212 1213 terminet
1223 1147 1401 1229 capitulum

144 1260 200 1301 ens
214 1261 236 1300 a
258 1240 438 1302 senioribus
448 1263 460 1302 .·
482 1240 592 1302 dextre
606 1241 718 1320 partis
730 1263 742 1301 .·
794 1262 873 1303 cum.
921 1237 1096 1303 Confiteor.
1127 1245 1160 1298 et
1190 1234 1399 1298 absolutiom.

142 1326 302 1388 etdeinde
326 1327 466 1390 sinistre.
510 1327 630 1389 Postea
654 1327 741 1388 elan·
794 1328 877 1389 Post
891 1347 1008 1388 nouam
1031 1332 1221 1404 congregato
1244 1330 1400 1384 conuentu

144 1413 218 1475 sula
232 1434 368 1494 congrue
380 1414 479 1489 finita
489 1438 501 1476 .·
517 1414 631 1492 faciat
649 1413 741 1475 simi·
795 1415 830 1475 in
840 1413 969 1475 cliornm
981 1436 993 1475 :
1007 1412 1038 1474 A
1042 1410 1119 1473 bbas
1127 1409 1289 1471 calciatus
1302 1428 1399 1471 reues·

143 1499 221 1561 liter
228 1499 360 1562 diacono
377 1510 409 1562 et
426 1501 590 1562 ministris
604 1499 742 1561 astanti·
796 1501 903 1562 tiatur
915 1509 953 1561 nt
977 1508 1083 1578 supra.
1099 1506 1131 1559 et
1155 1495 1316 1558 ministri
1337 1494 1398 1556 dis·

145 1586 209 1649 bus.
228 1587 288 1667 qni
307 1597 416 1649 tamen
439 1608 501 1649 non
523 1587 655 1649 bibant:
688 1585 748 1648 sed
795 1587 925 1649 calami
937 1595 968 1648 et
981 1585 1043 1658 fiat
1048 1583 1207 1665 processio
1223 1582 1274 1644 ad
1294 1582 1398 1662 egium

144 1674 258 1735 statim
266 1674 402 1754 legatur.
411 1673 549 1736 etabbas
560 1683 746 1735 reuertatur
796 1675 879 1736 sicut
892 1672 1040 1754 superins
1061 1672 1097 1733 in
1118 1690 1195 1732 cena
1219 1668 1359 1732 donu'ru‘.
1372 1676 1400 1729 ct

145 1760 292 1822 deorsum
319 1782 358 1822 ex
380 1761 515 1841 opposito
538 1761 617 1822 ostii
631 1760 742 1838 facta·
797 1761 895 1823 etiam
921 1779 1090 1840 regressus
1147 1757 1292 1836 Excepto
1320 1753 1401 1835 quod

144 1846 222 1928 que]
256 1844 511 1928 i'nsclinationd:
542 1856 595 1907 eat
623 1867 744 1908 sessum
796 1847 845 1908 ad
856 1846 1007 1909 ultimam
1030 1845 1207 1907 orationem
1232 1864 1298 1904 uon
1321 1841 1398 1904 desc·

146 1932 194 1994 ad
205 1932 347 2013 digitum
361 1934 482 1995 cunctis
496 1933 529 1994 ei
548 1932 745 2013 assurgenti·
798 1944 854 1995 tur
865 1934 1031 1996 Dominus
1043 1931 1225 1994 uobiscum.
1242 1929 1305 1991 sed
1315 1929 1400 1991 dicat

145 2019 212 2081 bus.
257 2019 538 2099 Assurgatetiam
553 2021 585 2081 ei
597 2020 695 2100 prior
715 2028 747 2080 et
797 2020 896 2082 abbas
922 2020 1013 2081 illam
1037 2015 1230 2101 orastionem
1258 2015 1305 2098 [p
1335 2028 1398 2093 157.

149 2104 306 2167 tradatei
318 2104 444 2186 cipleum
467 2127 538 2167 cum
562 2107 638 2167 uino
660 2104 746 2167 deos·
799 2107 1040 2187 aliquantulum
1077 2105 1147 2166 alta
1184 2123 1258 2165 uoce
1306 2101 1400 2183 quusi

149 2191 284 2253 eulando
300 2213 434 2253 itionum
456 2193 533 2254 eins.
549 2202 748 2273 surguntque
798 2193 935 2274 legendo.
983 2192 1065 2258 Cum
1089 2191 1125 2253 iu
1146 2190 1312 2252 ecclesiam
1327 2199 1398 2270 per·

149 2279 280 2340 iuuenes
308 2289 341 2341 et
375 2279 564 2342 ministrent
598 2278 637 2341 de
665 2287 746 2359 potu
800 2281 968 2342 uenerint:
991 2279 1137 2340 diuertat
1150 2278 1185 2338 iu
1201 2276 1396 2338 uestiariunc

147 2364 345 2446 sufficienter.
373 2365 497 2442 Quibus
512 2366 574 2428 rite
580 2366 724 2447 peractis
736 2389 748 2428 .·
798 2377 831 2430 et
843 2366 984 2448 deposita
999 2376 1075 2446 capa
1086 2389 1098 2428 .·
1120 2363 1322 2426 reuestiatnr
1340 2371 1398 2424 sto

140 2453 234 2531 facto
250 2462 330 2514 nutu
346 2454 387 2515 ab
402 2453 534 2516 abbate:
558 2453 751 2515 terminetur
799 2455 840 2516 la.
880 2453 1051 2534 manipulo.
1091 2450 1211 2513 casula.
1250 2449 1398 2512 cirotecis.

147 2540 244 2602 lectio.
289 2539 387 2601 Facto
402 2561 537 2621 congruo
553 2540 749 2602 interuallo:
801 2541 898 2602 anulo
913 2550 946 2602 et
958 2540 1060 2601 mitra
1074 2539 1143 2600 sim
1165 2536 1357 2617 aurifrigio.
1371 2543 1401 2597 et

141 2627 307 2707 percuciet
336 2626 449 2689 Albas
478 2627 622 2689 tabulam
645 2626 748 2691 semel.
794 2627 948 2708 procedat
975 2625 1147 2687 adultere
1171 2623 1307 2686 diacono
1329 2641 1398 2684 cuni

150 2723 181 2775 et
198 2723 310 2793 postea
334 2724 388 2776 ter.
413 2724 445 2776 et
468 2724 608 2794 surgant
633 2733 748 2776 onmes.
802 2714 909 2776 baculo
926 2723 1053 2775 tantum
1069 2711 1143 2773 alba
1157 2710 1247 2773 stola.
1264 2719 1297 2772 et
1310 2729 1400 2771 mau-

149 2800 304 2881 Dictoque
341 2800 557 2862 Adiutorium
587 2810 748 2863 nostrum.
803 2802 888 2882 ipido
911 2800 1046 2883 induto:
1063 2807 1224 2879 preeunte.
1247 2806 1281 2859 et
1301 2795 1398 2876 capd-

150 2886 190 2948 ab
206 2886 343 2949 abbate:
365 2896 396 2948 et
402 2888 500 2966 facta
517 2886 751 2949 inclinatione:
802 2888 876 2950 lano
891 2896 1042 2968 sequente.
1053 2906 1115 2947 non
1130 2884 1268 2946 dicatur.
1315 2882 1400 2946 Con·

150 2974 284 3036 eantad
294 2974 536 3054 completorium.
581 2973 623 3035 In
640 2973 752 3036 uolnn-
803 2974 974 3036 fiteor.sed
984 2972 1098 3034 statim
1113 2971 1207 3033 di'cat.
1253 2972 1401 3035 Oremus.

152 3070 217 3122 tate
232 3059 358 3122 abbatis
371 3062 419 3122 sit
432 3061 629 3125 remanendi.
803 3071 836 3123 et
848 3071 949 3123 cetera
963 3058 1136 3122 secundnm
1151 3056 1281 3119 librum.
1326 3056 1400 3119 Lec-

804 3157 839 3211 ta
846 3147 998 3228 passione
1011 3170 1022 3209 .·
1043 3145 1156 3208 statim
1172 3143 1263 3205 dicut
1283 3141 1402 3205 oratio·

805 3255 860 3297 nes
881 3234 1053 3314 solempnes
1076 3241 1111 3294 et·
1126 3240 1201 3293 ante
1226 3229 1405 3310 quamlibet

804 3321 1004 3384 orationem:
1034 3319 1122 3381 dicat
1144 3317 1242 3398 quasi
1265 3314 1404 3397 legendo.

153 3394 471 3524 Dlelalamue?
496 3394 630 3475 pulsam
655 3415 751 3457 mane
807 3408 957 3473 oremus.
982 3416 1013 3468 et
1038 3416 1146 3468 cetera.
1177 3403 1236 3466 sed
1258 3402 1403 3467 Oremus

244 3482 377 3544 tabula:
399 3492 540 3563 surgant
557 3503 665 3544 omnes
686 3482 753 3544 dis·
805 3505 880 3557 ame
923 3494 1113 3555 Flectamus
1159 3510 1277 3572 genua,
1316 3489 1407 3552 di'cat

151 3569 284 3632 calciati
310 3569 503 3631 conueniant
530 3569 565 3630 in
594 3569 753 3631 ecclesiam
797 3582 922 3662 festius
956 3580 1053 3661 qnasi
1079 3577 1248 3641 cantando,
1294 3576 1405 3638 Dictis

155 3656 203 3718 ad
221 3655 390 3718 dicendum
408 3657 557 3737 primam
587 3665 620 3718 et
640 3665 752 3737 postea
806 3667 1029 3730 mabuinus,-
1066 3664 1179 3728 Aphas
1199 3664 1338 3744 deponat
1360 3661 1409 3725 ibi

151 3743 208 3824 ¹vii
212 3743 357 3824 psalmos
366 3764 447 3841 'cuiun
466 3743 595 3804 letani'a.
641 3741 754 3804 Albas
805 3755 956 3817 casulam,
983 3754 1107 3816 stolam,
1137 3760 1168 3813 et
1191 3749 1407 3831 manipulum

155 3829 421 3893 lllamslm'ltler
432 3830 563 3892 mersit
570 3828 617 3913 lsi
627 3829 671 3911 [P·
687 3828 753 3907 156.
806 3842 944 3921 sumptis
958 3860 1062 3903 secum
1079 3839 1193 3901 baculo.
1209 3837 1361 3899 cirotecis.
1377 3845 1411 3899 et

157 3918 242 3980 oem.
310 3917 359 3978 Ei
406 3917 556 3997 connata
610 3916 755 3978 letania:
807 3928 1070 3990 anoloaimtiro.
1091 3923 1260 4008 sEteaii'n
1276 3923 1322 4005 [p.
1338 3924 1408 4003 158.

155 4014 233 4068 eant
248 4005 282 4066 ln
307 4002 487 4103 capitulum·
510 4003 755 4102 Abbfllssstlrese·
806 4015 935 4078 eliorum
947 4014 982 4076 in
991 4009 1413 4091 stallosuosuperiorietibi

158 4092 250 4154 dente
284 4099 316 4153 lt
344 4089 541 4170 pullenum
579 4099 755 4171 melpum&
809 4102 1018 4165 discalceatur.
1064 4100 1183 4162 Postea
1198 4097 1303 4159 allata
1319 4117 1411 4161 cruce

159 4179 263 4260 ibique
284 4176 426 4240 sedentes
438 4200 449 4240 ·'
466 4177 660 4258 psalterium
675 4196 756 4238 ⁶0m·
809 4211 830 4251 a
845 4188 968 4251 dnobus
981 4185 1197 4250 sacerdotibus
1211 4183 1259 4245 od
1272 4184 1412 4262 inferio-

191 4276 199 4307 ¹
217 4278 248 4326 In
259 4275 355 4341 margin
368 4277 440 4336 (later
456 4275 544 4335 hand),
562 4275 651 4323 Potum
663 4290 757 4324 seruor-
809 4275 1026 4356 rgmgmdum
1035 4272 1125 4336 chori
1133 4281 1165 4334 gt
1177 4280 1274 4333 cantu
1281 4270 1389 4352 finito
1402 4293 1415 4336 ⁸·

158 4362 201 4440 ⁰113
211 4358 311 4457 Sffig
318 4340 440 4469 fflgissei
453 4340 593 4390 benedicat.
800 4361 955 4444 procedat
967 4361 1066 4424 abbas
1079 4368 1206 4422 cantore
1220 4362 1372 4422 monente
1385 4368 1420 4423 et

151 4463 153 4466 ⁴
189 4473 200 4507 a
216 4474 273 4538 Top
284 4471 313 4521 of
321 4487 346 4536 p.
364 4481 416 4535 155,
808 4449 1016 4530 discooperiat
1029 4467 1151 4510 crucem
1166 4466 1238 4507 cuin
1254 4444 1419 4524 inferiore
