3096 5092
401 327 456 376 AD
476 325 724 378 UISITANDUM
738 326 924 376 FRATREM
936 325 1153 377 INFIRMUM.

419 459 478 521 103
1063 461 1127 522 104

186 554 309 619 Sancte
325 564 418 637 petre
433 563 469 617 tu
486 554 579 617 illum
597 554 728 617 adiuua.
834 553 975 637 [Sancta
990 575 1093 637 agnes
1105 564 1146 618 tu
1159 555 1265 619 illum
1277 556 1326 639 [p.
1344 557 1399 620 188.

186 642 311 706 Sancte
323 642 421 724 paule
437 652 473 704 tu
490 641 582 704 illum
600 642 730 703 adiuua
792 641 922 704 adiuua.

187 728 310 793 Sancte
369 730 492 790 andrea
551 737 587 791 tu
648 728 740 790 illum
836 727 961 791 Sancta
1019 729 1136 791 cecilia
1202 740 1243 793 tu
1317 730 1397 794 illum

143 817 272 879 adiuua.
792 814 922 877 adiuua

188 902 311 965 Sancte
370 900 484 963 iacobe
543 910 579 964 tu
649 901 741 964 illum
837 900 961 965 Sancta
976 903 1062 965 lucia
1077 912 1114 965 tu
1131 902 1235 966 illurn
1254 904 1382 968 adiuua

144 990 273 1051 adiuua.
838 987 963 1052 Sancta
999 989 1178 1052 scolastica
1219 1000 1262 1053 tu
1315 991 1396 1055 illum

188 1075 312 1139 Sancte
356 1074 516 1137 iohannes
565 1083 600 1137 tu
648 1074 741 1137 illum
794 1076 926 1138 adiuua.

144 1162 274 1225 adiuua.
838 1161 966 1225 Omnes
982 1162 1086 1225 sancti
1102 1172 1203 1226 orate
1218 1185 1287 1246 pro
1304 1186 1352 1228 eo.

189 1249 313 1313 Sancte
356 1248 518 1330 stephane
562 1257 598 1311 tu
651 1248 743 1310 illum
838 1247 966 1311 Omnes
981 1249 1087 1310 sancti
1103 1259 1203 1313 orate
1219 1272 1288 1333 pro
1304 1273 1351 1315 eo.

144 1336 274 1399 adiuua.
838 1334 966 1398 Omnes
982 1336 1087 1398 sancti
1103 1337 1221 1419 angeli
1239 1348 1338 1402 orate
1349 1358 1397 1421 pro

188 1421 327 1505 [Sancte
357 1422 502 1485 clemens
533 1430 569 1484 tu
601 1421 646 1504 [p.
674 1423 742 1501 187.
794 1442 842 1484 eo,

144 1509 238 1572 illum
254 1510 384 1572 adiuua.
838 1507 966 1571 Omnes
976 1510 1082 1572 sancti
1099 1512 1301 1591 patriarche
1316 1521 1397 1577 orate

188 1595 311 1660 Sancte
328 1596 447 1659 dionisi
464 1616 539 1657 cum
561 1595 659 1657 sociis
675 1595 741 1657 tuis
793 1615 853 1676 pro
869 1614 917 1657 eo,

144 1693 180 1746 tu
197 1682 289 1744 illum
307 1684 437 1746 adiuua.
838 1681 965 1745 Omnes
982 1679 1130 1765 [¹sancti]
1147 1686 1304 1766 apostoli
1315 1695 1396 1749 orate

188 1770 312 1833 Sancte
364 1769 504 1831 laurenti
554 1778 589 1831 tu
649 1766 741 1830 illum
794 1788 854 1849 pro
870 1788 918 1829 eo,

143 1857 273 1919 adiuua.
839 1854 967 1918 Omnes
1019 1854 1169 1938 [¹sancti]
1239 1869 1396 1941 martyres

189 1942 312 2007 Sancte
366 1942 512 2004 uincenti
568 1952 604 2004 tu
649 1940 743 2003 illum
794 1951 887 2003 orate
903 1962 963 2023 pro
979 1962 1026 2004 e0.

144 2029 275 2091 adiuua.
840 2026 1012 2112 Om[ne²]s
1045 2031 1153 2092 sancti
1195 2033 1396 2096 consessores

189 2115 314 2180 Sancte
372 2117 502 2196 geruasi
557 2124 592 2177 tu
647 2114 740 2175 illum
795 2124 888 2177 orate
904 2136 963 2196 pro
979 2136 1027 2178 eo.

145 2204 274 2265 adiuua.
839 2201 968 2265 Omnes
994 2203 1101 2265 sancti
1126 2205 1291 2268 monachi
1315 2215 1396 2269 orate

189 2288 313 2353 Sancte
372 2288 496 2368 protasi
555 2297 591 2351 tu
652 2287 744 2350 illum
795 2309 856 2370 pro
871 2309 920 2350 eo,
957 2288 1084 2352 Omnes
1100 2301 1221 2355 sancte
1236 2291 1397 2375 uirgines.³

145 2377 275 2438 adiuua.
840 2374 968 2438 Omnes
1003 2377 1110 2439 sancti
1145 2387 1179 2440 et
1219 2381 1321 2444 electi
1350 2380 1394 2443 dei

190 2462 313 2527 Sancte
373 2461 489 2524 thoma
548 2471 583 2523 tu
652 2461 743 2523 illum
795 2472 888 2524 orate
904 2483 964 2543 pro
980 2484 1027 2525 eo.

147 2550 276 2612 adiuua.
840 2549 1010 2630 Propicius
1069 2559 1143 2612 esto
1212 2573 1317 2634 parce
1371 2553 1395 2614 ei

191 2636 314 2701 Sancte
352 2636 540 2697 sebastiane
577 2644 613 2697 tu
652 2633 744 2696 illum
796 2636 938 2697 domine.

147 2724 277 2786 adiuua.
841 2723 1010 2804 Propicius
1055 2734 1127 2786 esto
1173 2724 1282 2788 libera
1328 2746 1395 2789 eum

192 2810 314 2873 Sancte
375 2810 515 2871 martine
568 2819 604 2870 tu
651 2808 744 2870 illum
796 2808 940 2871 domine.

147 2898 278 2959 adiuua.
840 2895 1029 2976 Apeccatis
1041 2896 1196 2960 omnibus
1209 2898 1318 2962 libera
1328 2919 1395 2963 eum

193 2984 315 3047 Sancte
375 2982 504 3064 gregori
557 2992 594 3043 tu
652 2982 744 3044 illum
797 2983 942 3046 domine.

147 3070 276 3132 adiuua.
408 3112 423 3146 n
842 3069 899 3130 Ab
929 3069 1020 3131 omni
1051 3070 1269 3135 tribulatione
1301 3073 1397 3136 libera

193 3156 316 3219 Sancte
360 3157 507 3237 ecgwine
562 3164 598 3217 tu
653 3155 746 3217 illum
798 3176 874 3217 eum
891 3157 1034 3218 domine.

149 3244 279 3305 adiuua.
843 3241 876 3303 A
907 3244 1006 3305 uariis
1044 3243 1263 3325 languoribus
1301 3247 1399 3310 libera

194 3330 317 3393 Sancte
377 3329 488 3391 odulfe
548 3338 584 3390 tu
652 3327 745 3390 illum
799 3349 875 3390 eum
892 3330 1035 3392 domine.

151 3417 280 3478 adiuua.
843 3413 914 3488 tAb
930 3417 1020 3478 omni
1034 3417 1122 3479 malo
1138 3417 1245 3482 libera
1269 3417 1316 3504 [p.
1338 3422 1399 3502 189

196 3504 319 3567 Sancte
376 3501 527 3564 nicholae
572 3512 608 3564 tu
653 3502 746 3564 illurn
800 3523 876 3564 eum
894 3504 1036 3565 domine.

150 3592 279 3652 adiuua.
453 3632 467 3666 n
843 3588 877 3650 A
894 3591 1095 3670 cogitatione
1107 3589 1287 3656 immunda
1303 3594 1401 3656 libera

196 3678 318 3741 Sancte
365 3676 537 3738 benedicte
581 3686 617 3738 tu
657 3674 748 3737 illum
799 3696 875 3736 eum
893 3677 1035 3739 domine.

151 3764 280 3826 adiuua.
843 3763 901 3824 Ab
917 3763 1044 3825 insidiis
1061 3763 1187 3826 diaboli
1204 3764 1314 3829 libera
1330 3787 1403 3831 eum

197 3852 321 3915 Sancte
381 3871 493 3912 maure
552 3860 588 3911 tu
657 3848 749 3910 illum
800 3849 942 3911 domine.

151 3940 281 4001 adiuua.
843 3935 901 3998 Ab
916 3938 963 3997 ira
979 3946 1038 3999 tua
1049 3937 1152 3998 libera
1166 3957 1247 4001 eum
1261 3941 1406 4005 domine.

196 4024 320 4089 Sancte
379 4024 520 4085 credane
565 4032 600 4084 tu
656 4022 748 4083 illum
845 4023 907 4084 Per
937 4024 1147 4086 natiuitatem
1178 4034 1277 4090 tuam
1306 4028 1408 4093 libera

152 4114 282 4175 adiuua.
799 4129 876 4171 eum
893 4110 1036 4172 domine.

197 4199 319 4262 Sancta
352 4198 455 4259 maria
494 4197 690 4278 magdalene
714 4205 750 4257 tu

151 4286 243 4348 illum
260 4285 390 4347 adiuua.
834 4338 842 4370 1
858 4344 899 4392 Ad
901 4344 917 4391 d
933 4344 949 4391 d

196 4373 321 4436 Sancta
367 4371 518 4434 katerina
572 4377 608 4430 tu
655 4368 748 4431 illum
831 4359 957 4457 ²Lettgrs'
968 4408 1080 4456 omitted.

149 4461 278 4522 adluua.
831 4470 842 4504 ³
859 4475 901 4524 Or.
916 4491 939 4536 p.
954 4489 985 4522 eo
996 4474 1078 4523 added
1095 4473 1128 4536 by
1140 4472 1204 4522 later
1215 4474 1298 4528 hand.
