969 1417
275 172 327 185 ADDI
327 172 340 184 Τ
337 172 347 184 I
347 172 395 185 UNAL
411 172 488 185 HFFICEs
497 172 538 185 ΛΝΒ
555 173 591 185 PRA
595 173 644 186 YERS.
761 176 784 189 159

192 217 250 238 Dirige
259 223 349 238 quesumus
361 218 429 234 domine
440 210 521 234 sarnuhi'm
529 210 583 234 tuu¹in²
591 219 682 235 secundum
693 221 740 235 tuan-i
751 219 783 234 cle-

159 249 241 265 menciam
253 250 270 265 in
281 250 326 265 uiam
338 250 396 266 salutis
407 253 469 266 eterne.
480 253 499 266 ut
510 252 527 266 te
537 241 596 266 timeuait
607 253 624 266 te
635 241 715 271 sequuatur
725 253 742 266 et
750 255 783 271 que

158 271 189 286 tibi
197 271 258 292 placita
269 273 318 287 sunt:
330 274 366 287 tota
377 272 468 288 dileccione
479 271 556 293 perficiat.
564 277 594 293 per
605 272 684 288 christum
695 272 782 289 dominum

159 295 238 309 nostrum.

191 335 228 351 The
236 335 272 351 fifth
281 336 316 351 leaf
325 336 401 352 contains
412 338 445 352 two
456 336 512 355 forms,
523 336 556 352 like
567 336 604 352 that
616 342 637 352 on
649 336 678 352 the
689 336 733 352 third
745 336 782 356 leaf,

159 362 191 373 one
203 357 228 373 sor
241 357 300 378 Henry
313 358 338 374 IV
351 358 383 373 and
399 357 424 373 his
439 363 492 378 queen
507 358 577 378 Joanna,
589 358 618 374 the
633 358 681 374 other
695 358 783 379 originally

159 379 225 395 worded
233 379 259 395 for
266 379 351 400 Margaret
358 380 387 395 the
395 384 448 400 queen
456 380 476 395 os
486 379 545 400 Henry
553 380 578 396 VI
587 380 620 395 and
631 380 660 395 her
667 385 697 396 son
706 380 783 399 Edward,

160 400 218 416 Prinee
225 400 245 416 of
254 401 314 417 Wales.
337 401 374 416 The
381 401 430 417 latter
437 401 467 417 has
475 401 517 417 been
526 401 593 421 altered,
600 401 629 417 the
637 406 686 417 nai-ne
695 401 782 417 Elizabeth

159 422 209 443 being
216 423 293 442 inserted,
302 428 324 438 no
336 422 388 438 doubt
396 428 417 438 on
429 428 476 438 some
488 423 565 439 occasion
572 423 620 439 when
631 423 672 439 such
680 428 690 439 a
698 424 740 439 form
748 428 782 439 was

159 444 199 460 used
207 444 233 459 sor
240 444 269 460 the
276 449 330 465 queen
338 444 357 460 of
364 444 435 460 Edward
445 445 473 460 IV.
502 445 539 460 The
546 445 623 460 versicles
631 447 648 461 at
656 445 684 461 the
696 445 728 461 end
740 445 782 461 have

159 465 230 486 perhaps
237 466 280 481 been
288 466 343 482 added
351 469 368 482 at
376 466 405 482 the
413 471 458 482 same
466 466 511 482 time.

191 500 261 516 Saluum
269 500 295 516 fac
303 505 368 516 semum
377 503 429 516 tuum,
451 500 562 516 Adducentur
570 500 604 521 regi
613 501 685 521 uirgines
694 503 732 521 post
740 506 782 517 earn.

192 521 303 542 Omnipotens
318 522 418 542 sempiterne
433 522 478 538 deus.
494 522 510 538 in
526 523 572 538 cuius
587 527 638 538 manu
654 525 692 538 sunt
707 523 782 538 omnium

159 545 255 564 potestates.
270 546 287 559 et
302 544 376 559 omnium
392 544 427 559 iura
442 549 541 564 regnorum:
561 544 624 564 respice
639 544 660 560 ad
676 544 782 565 anglicanum

159 570 232 585 reguum.
241 567 258 581 et
265 565 310 581 uiam
318 567 335 581 et
343 568 389 581 actus
397 565 454 581 famuli
462 566 486 581 tui
495 566 537 586 regis
549 566 600 581 nostri
613 566 686 581 Henrici.
697 568 714 581 et
722 566 783 582 famule

159 589 187 602 tue
194 586 271 607 Johanne
279 587 335 607 regine
342 590 398 603 nostre
406 590 422 603 et
430 587 504 603 omnium
513 587 544 603 sibi
555 588 691 603 comminantium
700 588 716 603 in
725 588 782 603 salutis

158 610 187 624 tue
198 609 308 629 prosperitate
320 609 393 629 dispone.
406 611 425 624 ut
436 609 478 625 inter
490 614 548 625 omnes
559 609 586 625 uie
597 611 614 625 et
625 610 660 625 uita
669 609 718 625 huius
731 610 783 625 varie-

158 632 211 646 tates:
227 632 257 646 tuo
265 635 330 651 semper
341 633 449 651 protegantur
460 631 526 646 auxilio.
535 633 554 646 ut
561 631 592 647 sibi
604 631 673 647 rehellee
684 631 713 652 qui
725 631 741 647 in
753 636 783 647 sua

159 652 223 668 feritate
242 652 338 668 confidunt:
366 653 442 673 potencie
461 655 489 668 tue
508 653 578 668 dextera
600 653 733 673 comprimantur
753 658 782 673 per

158 674 249 689 dominum.

191 695 302 716 Omnipotens
317 696 418 716 sempiterne
433 696 473 711 deus
489 696 505 711 in
521 696 567 711 cuius
586 701 637 712 manu
652 699 691 712 sunt
705 696 780 712 omniurn

159 719 250 737 potestates
266 719 282 733 et
297 717 371 733 omnium
387 717 422 733 iura
437 723 535 738 regnorum:
558 718 621 738 respice
639 718 660 733 ad
676 718 781 738 anglicanum

157 744 231 759 regnum.
243 741 260 754 et
271 739 316 755 uiam
328 741 344 755 et
356 741 402 755 aetus
414 739 476 754 famule
487 742 515 755 tue
527 739 642 760 [Margarete’]
655 740 712 760 regine
725 742 781 755 nostre

158 760 182 781 [et
198 760 255 776 famuli
271 761 294 776 tui
307 761 385 781 principis
401 761 452 776 nostri
468 760 560 782 Edwardi’]
572 763 588 776 et
603 761 678 776 omnium
693 761 725 777 sibi
736 766 782 777 com-

158 782 256 798 mitandum
269 782 285 798 in
296 782 354 798 salutis
362 785 390 798 tue
401 782 510 803 prosperitate
522 783 596 803 dispone.
608 785 626 798 ut
638 783 680 798 inter
689 788 747 798 ornnes
755 783 782 799 uie

158 806 175 819 et
185 804 220 819 uite
231 804 280 820 huius
291 804 390 820 uarietates:
406 807 435 820 tuo
446 809 511 825 semper
523 807 631 825 protegantur
642 804 709 820 auxilio.
717 807 736 820 ut
750 804 781 820 sibi

158 825 227 841 rebelles
239 826 267 846 qui
280 826 296 841 in
308 831 338 841 sua
349 826 413 841 feritate
427 826 512 841 confidunt
526 826 602 846 potencie
613 829 641 842 tue
653 826 724 842 dextera
736 831 781 842 corn-

157 847 253 867 prirnantur.
276 847 307 863 Per
315 848 405 863 dominum.

190 869 258 885 Saluarn
272 869 298 885 fac
310 869 387 885 ancillam
403 871 453 885 tuam.
484 869 539 885 Nichil
553 869 628 890 proficiat
640 869 716 885 inimicus
729 870 745 885 in
758 874 781 885 ea

159 890 201 906 Esto
208 890 223 906 ei
231 891 299 906 domine
307 891 355 906 turris
363 891 468 907 fortitudinis.

190 933 226 949 The
231 938 276 949 verso
284 933 303 949 of
308 933 378 949 thefifth
385 933 419 949 leaf
425 934 438 949 is
447 933 502 949 blank.
525 933 562 949 The
568 933 613 949 sixth
622 933 657 949 leaf
663 938 700 949 now
705 933 780 949 contains

157 960 167 970 a
175 954 206 974 list,
214 955 231 970 in
239 955 267 971 the
275 955 387 975 handwriting
394 955 413 970 os
419 955 493 971 Thomas
501 955 570 974 Barlow,
578 955 598 970 of
603 955 631 971 the
639 957 716 971 contents
724 955 744 970 os
752 955 780 970 the

157 976 248 994 numbered
256 982 307 997 pages
316 977 368 992 which
377 977 436 996 follow,
444 977 485 992 srorn
496 981 502 992 1
512 979 530 993 to
538 980 573 998 272.

155 1048 170 1060 M
179 1014 185 1039 ζ
193 1015 356 1061 -ῐιῖῗ-ξᾞὲςῦῑῗίῗῖἓεῗὶις
364 1036 385 1045 m
398 1032 441 1045 seond
455 1032 508 1048 through
517 1033 541 1044 ami
555 1032 621 1044 euntem
633 1032 682 1044 minu:
695 1032 707 1044 ει.
720 1032 755 1048 plac:
768 1032 780 1044 ni

170 1052 213 1064 ιιμιε
219 1052 230 1061 e.
