969 1417
263 164 291 176 AD
301 163 426 177 UJSITANDUM
431 164 528 177 FRATREM
533 164 637 177 INFIRMUM.

273 197 301 213 105

156 220 186 236 Per
204 221 299 241 passionem
316 223 362 237 tuam
381 221 433 237 libera

133 247 171 257 eum
179 242 250 259 domine.

155 264 186 279 Per
197 269 262 280 crucem
273 266 319 280 tuam
331 264 382 280 libera
393 269 431 280 eum

133 285 204 301 domine⁴

155 307 186 322 Per
191 308 326 323 resurrectionem
329 310 376 323 tuam
381 308 433 324 libera

133 334 170 344 cum
179 329 250 345 dominer

156 350 187 366 Per
198 351 312 366 ascensionem
323 353 370 367 tuam
381 351 433 367 libera

133 377 171 387 eum
179 372 250 388 domine<

156 394 186 409 Per
204 394 275 414 gratiam
294 394 347 410 sancti
366 394 433 415 spiritus

133 416 208 436 paracliti
217 416 268 431 libera
275 421 313 431 eum
321 416 392 432 domine.

156 437 176 453 In
203 438 229 453 die
248 438 304 453 iudicii
327 437 378 453 libera
394 443 432 453 eum

134 459 205 474 dominer

157 480 433 501 Peccatoresterogamusaudinus⁴

157 502 181 518 Ut
193 503 338 523 compunctionem
352 503 406 518 cordis
418 503 433 518 ei

133 524 185 539 dones
193 527 210 539 te
218 529 300 544 rogamus.

157 546 181 561 Ut
205 546 268 561 sontem
291 546 396 561 lacrimarum
419 546 433 562 ei

134 568 186 583 dones
194 570 211 583 te
219 573 301 588 rogamus.

157 589 181 605 Ut
196 590 309 605 remissionem
327 592 433 609 peccatorum

135 616 202 626 suorum
210 611 225 626 ei
233 611 323 627 concedere
335 611 408 631 digneris
416 613 433 627 te

135 638 212 653 rogamus
220 633 258 648 audi
267 638 302 648 nos.

158 654 181 670 Ut
200 655 288 670 sanitatem
311 654 326 670 ei
345 654 398 670 dones
416 657 433 670 te

134 681 216 696 rogamus.

158 697 182 713 Ut
204 698 279 718 spacium
303 698 394 718 penitentie
419 698 433 713 ei

134 719 186 735 dones
194 722 211 735 te
219 724 301 739 rogamus.

157 741 189 759 lUt
197 741 247 756 fidem
259 743 276 756 et
284 746 331 761 spem
341 743 358 757 et
367 741 389 761 [p.
400 745 433 760 190.

134 763 220 778 caritatem
228 763 243 778 ei
251 763 307 778 dones.

158 784 182 800 Ut
189 784 254 800 illicitas
262 784 371 805 cogitationes
381 784 402 800 ab
414 789 434 800 eo

135 806 199 821 auferre
209 806 282 826 digneris
290 808 307 822 te
315 811 393 826 rogamus
401 805 435 824 teri*

135 828 178 843 audi.

157 849 188 865 Fili
197 849 223 865 dei
231 852 248 865 te
256 854 334 869 rogamus
342 849 380 865 audi
388 854 422 865 nos.

157 871 207 892 Agne
220 871 247 886 dei
262 871 291 891 qui
306 871 350 886 tollis
365 873 434 891 peccata

136 893 193 908 mundi
202 898 251 913 parce
259 893 273 908 ei
281 893 353 908 domine.

158 914 207 935 Agne
221 915 247 930 dei
262 915 290 935 qui
306 914 350 930 tollis
365 916 435 934 peccata

136 937 193 952 mundi
201 936 246 952 dona
253 937 268 951 ei
277 941 339 956 pacem.

158 958 266 974 Christeaudi
273 963 306 973 nos.
324 957 433 978 Kyrieleison.

136 979 257 995 Christeleison.
277 980 326 995 Pater
331 981 390 995 noster.
411 979 434 994 Et

136 1006 157 1017 ne
172 1006 206 1017 nos.
237 1001 306 1017 Saluum
322 1001 348 1016 {ac
366 1006 433 1016 seruum

136 1025 187 1039 tuum⁴
211 1023 257 1038 Deus
265 1028 315 1038 rneus⁴

158 1044 258 1060 Conuertere
266 1044 334 1060 domine
343 1049 433 1064 usquequo⁴

136 1066 158 1082 Et
167 1066 188 1081 de
196 1066 286 1086 precabilisi

158 1088 208 1103 Mitte
218 1088 233 1103 ei
245 1088 312 1103 domine
324 1087 405 1103 auxilium
413 1087 435 1103 de

135 1111 197 1125 sancto.

158 1131 200 1146 Esto
215 1131 237 1146 illi
250 1131 318 1147 domine
329 1131 379 1147 turris
389 1130 436 1146 sorti-

136 1153 202 1168 tudinis<

159 1174 232 1190 Domine
254 1174 316 1190 exaudi
338 1174 436 1190 orationem.

137 1196 220 1212 Dominus
228 1196 319 1212 uobiscum.

597 194 627 209 106

571 227 643 244 Oraemus.

460 256 529 288 DEus
537 256 565 276 qui
576 256 639 272 famulo
650 258 680 272 tuo
691 256 757 271 ezechie

497 280 523 293 ter
533 278 592 298 quinos
604 283 657 293 annos
670 278 691 293 ad
703 278 756 293 uitam

456 299 532 315 donasti:
558 300 582 315 ita
600 302 617 315 et
637 299 681 315 hunc
703 299 756 315 samu-

457 320 498 342 llum
504 323 552 337 tuum
558 326 568 337 a
573 321 617 337 lecto
624 321 686 342 egritu-
692 321 713 341 [p.
722 325 756 341 ¹91·

456 343 499 358 dinis
515 345 544 358 tua
564 343 640 363 potentia
659 343 713 363 erigat
732 343 754 358 ad

457 364 532 380 salutem.
555 365 597 380 Per.¹

569 398 641 414 eremus.

461 426 555 458 REspice
565 426 633 442 domine
644 431 693 447 super
704 426 758 442 samu-

499 448 532 464 lum
541 450 588 463 tuum
596 448 613 463 in
625 448 720 463 infirmitate
732 448 757 464 sui

458 470 531 489 corporis
542 470 650 485 laborantem.
659 471 675 485 et
683 470 757 485 animam

458 491 514 507 resnue
522 496 572 512 quam
584 492 647 507 creasti.
655 494 675 507 ut
686 491 757 512 castiga-

457 513 530 528 tionibus
547 513 655 529 emendatus:
678 513 757 529 continuo

458 539 476 550 se
481 535 541 550 sentiat
547 537 576 550 tua
583 535 664 550 medicina
669 534 758 550 saluatum.

459 556 490 571 Per
495 556 579 572 christum.

572 590 644 607 Oremus.

461 618 531 650 DEus
549 619 577 639 qui
600 618 663 634 facture
683 621 711 634 tue
730 619 758 639 pio

500 640 590 656 dominaris
605 640 676 656 affectu:
697 640 758 656 inclina

458 667 514 677 aurem
539 664 585 677 tuam
609 662 758 682 supplicationibus

458 684 522 699 nostris⁴
538 686 554 699 et
571 684 652 699 famulum
669 686 716 699 tuum
736 689 758 699 ex

458 706 528 721 aduersa
560 705 653 721 ualitudine
685 705 758 725 corporis

458 727 561 742 laborantem
574 727 649 747 placatus
663 727 730 747 respice*
741 729 758 743 et

458 749 507 764 uisita
515 749 532 764 in
544 748 612 764 salutari
619 751 653 764 tuo.
662 754 680 764 ac
692 748 757 764 celestis

458 771 511 790 gratie
524 773 580 791 presta
592 770 697 786 medicinam.
721 770 757 786 Per¹

459 792 549 808 dominum.

572 826 644 842 Oremus.

462 854 531 886 DEus
543 854 571 875 qui
583 854 657 870 humano
672 854 728 874 generi
740 856 758 870 et

501 876 557 891 salutis
576 876 668 892 remedium
687 878 703 891 et
723 876 757 892 uite

459 900 515 913 eterne
526 903 594 913 munera
607 897 702 913 contulisti:
718 903 757 913 con-

459 919 514 940 serlua
525 919 587 935 famulo
599 922 628 935 tuo
640 922 676 935 tua-
688 919 710 940 [p.
723 924 756 939 192.

459 946 496 957 rum
507 941 552 957 dona
563 941 648 957 uirtutum.
656 943 673 957 et
684 941 757 957 concede

459 965 477 978 ut
494 963 575 978 medelam
591 966 637 979 tuam
653 968 687 978 non
703 963 756 978 solum

458 985 474 1000 in
487 989 559 1005 corpore.
570 985 599 1000 sed
611 985 662 1000 etiam
673 985 690 1000 in
701 985 757 1000 anima

458 1006 523 1022 sentiat.
547 1006 683 1022 Fer¹dominum

572 1036 644 1052 oremus*

463 1064 571 1096 Ulrtutum
584 1064 669 1080 celestium
681 1064 722 1079 deus
730 1064 758 1084 qui

505 1085 526 1101 ab
555 1085 632 1101 humanis
662 1086 758 1106 corporibus

460 1112 527 1123 omnem
543 1107 639 1128 languorem
659 1110 676 1123 et
692 1112 759 1123 ornnem

460 1128 574 1144 infirmitatem
585 1129 659 1150 precepti
670 1129 694 1145 tui
706 1131 761 1150 potes-

461 1153 495 1166 tate
525 1151 604 1171 depellis:
636 1151 694 1167 adesto
723 1151 762 1166 huic

461 1172 524 1188 famulo
532 1175 561 1188 tuo
573 1175 591 1188 ut
603 1172 664 1193 fugatis
676 1172 762 1188 infirmita-

483 1199 487 1207 ¹
496 1200 559 1212 Chrisium
565 1200 606 1212 added
612 1200 629 1216 by
635 1200 666 1213 later
671 1200 708 1213 hund.
