3096 5092
146 348 196 412 ,15⁶
645 344 882 395 apetamus.

144 488 383 570 confirmatione
397 496 430 551 et
443 485 659 550 benedictione.
701 485 775 562 Qua
789 488 868 550 lecta
880 510 891 550 :
898 486 996 567 prior
1009 487 1078 550 uice
1091 488 1237 550 omnium
1242 489 1398 569 fratrum

144 577 240 638 dr'cat.
294 576 451 656 Dompne
481 575 677 636 mandatum
708 574 835 635 domini
860 573 1209 656 [pape]1audiuimus.
1240 586 1273 638 et
1300 585 1334 637 te
1364 575 1396 635 in

146 674 273 744 patrem
290 671 323 723 et
339 672 506 743 pastorem
524 669 674 722 nostrum
690 662 872 723 secundum
890 661 991 742 ipsius
1017 662 1212 724 mandatum
1228 670 1398 743 gratanter

145 760 178 812 et
195 770 239 811 ex
255 749 354 812 corde
370 749 552 829 recipimus
570 757 604 808 et
619 745 679 808 tibi
703 748 787 810 sicut
803 747 916 809 abbati
939 759 1052 810 nostro
1075 749 1224 811 debitam
1240 748 1396 812 obedien-

145 838 227 899 tiam
244 836 467 919 promittimus
483 843 516 897 et
532 833 689 896 faciemus
712 834 745 895 in
762 834 916 896 omnibus
933 834 1134 916 regularibus
1150 837 1324 898 mandatis.

211 997 244 1059 A
267 997 350 1058 later
372 995 472 1071 hand,
495 994 533 1057 os
555 994 612 1056 the
640 993 716 1073 15th
740 1004 889 1075 century,
911 995 970 1056 has
994 996 1104 1059 added
1128 996 1165 1058 iu
1194 1008 1319 1059 extenso
1341 995 1398 1058 the

146 1083 443 1235 ppllsgpltorppsprbich
459 1082 516 1144 the
532 1080 603 1143 first
617 1081 725 1143 words
748 1081 828 1163 only
844 1101 899 1143 are
921 1083 1021 1164 given
1037 1084 1070 1145 in
1092 1083 1149 1146 the
1165 1083 1260 1147 office
1283 1084 1399 1157 above,

214 1323 436 1402 Omnipotens
452 1320 652 1400 sempiterne
674 1319 756 1382 deus
782 1321 839 1401 qui
855 1320 935 1383 facis
959 1319 1122 1383 mirabilia
1146 1342 1269 1403 magna
1289 1321 1399 1385 solus:

147 1411 307 1492 pretende
317 1428 415 1489 super
425 1407 587 1469 famulum
603 1420 699 1469 tuum
717 1407 758 1468 N.
775 1418 808 1470 et
820 1427 918 1488 super
928 1418 1082 1470 cunctam
1099 1410 1395 1490 congregationem

148 1497 209 1560 sibi
237 1497 449 1558 commissam
476 1494 627 1575 spiritum
653 1494 759 1573 gratie
783 1494 956 1556 salutaris:
987 1504 1022 1557 et
1047 1504 1084 1557 ut
1111 1497 1143 1556 in
1172 1498 1312 1558 ueritate
1338 1494 1399 1557 tibi

124 1666 130 1679 ι
147 1583 399 1664 complaceant:
423 1589 621 1663 perpetuum
637 1581 683 1643 eis
700 1600 807 1642 rorem
824 1591 880 1644 tue
896 1581 1136 1645 benedictionis
1153 1583 1311 1646 infunde:
1337 1583 1400 1644 Per

148 1672 330 1734 dominum.

214 1857 286 1919 The
302 1855 391 1918 third
413 1853 483 1916 leaf
500 1854 660 1930 contains,
684 1854 716 1914 in
740 1853 798 1916 the
820 1875 912 1917 same
935 1854 1024 1918 hand
1049 1877 1085 1918 as
1108 1855 1165 1919 the
1189 1855 1399 1919 Installation

147 1945 241 2019 form,
258 1965 278 2006 a
294 1942 378 2004 form
395 1940 445 2003 sor
460 1940 517 2003 the
533 1940 715 2003 admission
732 1940 770 2002 oi
781 1961 801 2002 a
817 1943 945 2004 secular
960 1964 1080 2026 person
1097 1954 1133 2007 to
1149 1943 1397 2025 confraternity.

213 2099 265 2161 De
271 2096 488 2177 fraternitate
498 2095 662 2175 sacimda.
690 2160 693 2165 ,

217 2186 298 2250 Cum
320 2184 441 2264 aliquis
460 2182 613 2245 secularis
624 2182 873 2262 fraternitatem
890 2183 986 2245 istius
1003 2184 1117 2246 domus
1122 2184 1255 2264 petierit
1267 2206 1277 2246 :
1290 2183 1403 2263 faciut

141 2273 327 2354 petitionem
359 2290 454 2332 suam
488 2269 598 2332 abbati
627 2270 680 2332 uel
698 2269 814 2349 priori.
845 2279 876 2331 et
905 2271 1004 2350 prior
1039 2271 1157 2333 indicet
1184 2271 1241 2333 troc
1269 2270 1400 2333 Abbati.

149 2360 262 2422 Abbas
287 2378 363 2419 uero
385 2355 466 2417 hara
489 2356 628 2436 capituli.
645 2357 698 2418 uel
717 2356 786 2419 alia
799 2356 887 2419 bora.
905 2357 953 2418 ita
968 2357 1054 2437 quad
1065 2357 1111 2420 sit
1124 2368 1199 2420 aute
1216 2357 1401 2438 prandium

150 2456 180 2508 et
195 2447 300 2508 ieiuna
322 2442 480 2506 stomacho
504 2443 602 2505 intret
623 2443 798 2523 capitulum
820 2452 852 2504 et
866 2445 1126 2524 premuniautur
1149 2466 1256 2506 omues
1270 2444 1402 2523 fratres

149 2533 235 2615 quod
241 2533 310 2594 siut
322 2531 356 2592 iu
367 2530 510 2610 capitulo.
523 2558 526 2574 =
552 2529 759 2610 Expletisque
768 2551 828 2610 que
841 2530 889 2592 ad
896 2531 1239 2612 capitulumpertr'nent
1249 2555 1261 2594 .·
1284 2530 1403 2593 indicet

149 2618 435 2700 abbaspeticr'onem
445 2616 619 2678 conuentui.
630 2625 661 2677 et
674 2616 862 2678 concedatur
874 2618 1055 2680 caritatiue.
1104 2619 1135 2680 T
1132 2639 1195 2681 unc
1205 2617 1402 2680 subsacrista

147 2715 265 2788 surgat
277 2714 308 2768 et
321 2704 448 2784 deferat
469 2712 589 2765 tentum
605 2723 676 2764 cum
699 2704 910 2784 manutergii).
959 2703 1022 2769 Cui
1043 2725 1150 2767 omues
1172 2714 1349 2785 assurgant
1371 2713 1403 2766 et

141 2803 247 2874 ponat
267 2803 362 2872 super
382 2789 570 2872 analogium
584 2811 624 2851 eu
635 2799 734 2870 parte
746 2790 951 2869 presr'dentis.
997 2792 1203 2853 Hostilarius
1221 2801 1329 2853 autem
1350 2791 1403 2853 uel

148 2879 269 2961 aliquis
275 2880 429 2958 fratrum
441 2900 453 2939 .·
466 2876 611 2956 specialis
623 2877 764 2938 seculari
784 2877 939 2938 mittatur
951 2887 1014 2957 pro
1029 2898 1069 2940 eo.
1118 2878 1186 2955 Qui
1198 2879 1305 2940 doceat
1318 2898 1399 2940 earn.

149 2964 248 3049 quedl
262 2986 334 3027 cum
351 2966 513 3045 ingressus
518 2963 631 3042 fuerit
644 2962 678 3025 iu
694 2963 797 3025 medr'o
811 2963 946 3043 capituli
957 2961 1057 3044 quedl
1070 2966 1189 3027 salutet
1202 2973 1400 3027 conuentum.

149 3064 181 3117 et
187 3063 298 3134 postea
324 3052 464 3114 ducatur
485 3049 533 3111 ad
545 3049 760 3129 presidentem
784 3059 815 3111 et
839 3051 947 3112 sedeat
971 3051 1064 3112 iurta
1087 3072 1159 3114 eum
1184 3052 1218 3113 si
1231 3050 1401 3131 presidens

150 3140 296 3202 uoluerit.
344 3137 412 3220 Qui
423 3135 583 3217 significet
595 3136 627 3198 ei
631 3136 820 3216 petitionem
843 3157 936 3199 suam
944 3138 1054 3217 fuisse
1068 3138 1247 3200 admissam
1271 3137 1400 3199 dicendo

149 3229 201 3290 sic.
246 3225 386 3288 Domine
392 3224 535 3304 fecimus
544 3223 730 3302 petitionem
752 3232 844 3285 tuam
861 3224 1032 3303 fratribus
1046 3226 1172 3287 nostris.
1195 3234 1228 3286 et
1250 3225 1398 3304 ipsieam

151 3314 283 3394 benigne
295 3321 326 3373 et
346 3310 481 3373 libenter
500 3309 675 3372 concedunt.
691 3320 722 3371 et
742 3331 799 3371 uos
819 3310 1020 3372 concedimus.
1075 3312 1124 3374 Et
1157 3312 1271 3373 statim
1284 3319 1403 3391 surgat

150 3399 309 3463 secularis.
325 3406 357 3458 et
378 3405 565 3476 prosternat
588 3417 621 3458 se
637 3407 732 3476 super
752 3397 905 3458 ultimum
921 3398 1068 3477 gradum
1089 3419 1196 3459 coram
1211 3397 1399 3478 prestdmte.

154 3483 471 3564 Cantoreincepieute
497 3481 552 3544 Ps.
598 3483 743 3563 Magnus
767 3484 922 3545 dominus
946 3494 980 3547 et
1006 3484 1179 3546 laudabilis
1206 3486 1304 3547 nimis
1330 3504 1402 3545 cum

153 3574 267 3638 Gloria
290 3571 383 3652 patri.
435 3569 495 3632 Uel
512 3569 545 3631 si
556 3569 708 3631 secularis
731 3569 848 3632 nobilis
861 3571 978 3651 fuerit.
1006 3581 1037 3633 et
1057 3571 1154 3634 abbas
1169 3571 1308 3633 uoluerit
1329 3591 1403 3632 eum

150 3658 366 3740 sollempniter
386 3656 541 3719 admitti:
563 3666 640 3717 tuuc
656 3666 768 3718 cantor
790 3657 924 3736 ruciprat
952 3657 1175 3738 Antiphanam
1199 3657 1401 3738 ²Diligamus

152 3768 212 3810 nos
237 3748 270 3809 in
297 3744 452 3806 inuicem²
476 3751 506 3804 et
527 3742 692 3804 intonetur
711 3743 875 3822 predictus
900 3745 1046 3824 psalmus
1070 3745 1214 3825 Magnus
1238 3745 1401 3806 dominus.

151 3831 341 3913 Antiphone
344 3839 545 3911 percantata:
559 3828 670 3891 Abbas
680 3829 814 3890 dicati).
826 3830 1040 3912 Suscepimus
1049 3833 1131 3894 deus
1144 3831 1401 3893 misericordiam

152 3931 253 3984 tuam.
281 3920 319 3980 ln
336 3918 447 3979 medio
461 3916 577 3997 templi
590 3916 646 3978 tui.
672 3915 890 3995 Kyrieleison.
914 3917 1157 3981 Christeleison.
1182 3917 1401 3999 Kyrieleison.

154 4009 253 4070 Pater
268 4015 386 4067 noster.
433 4003 478 4066 Et
494 4023 536 4064 ne
553 4023 621 4065 nos,
667 4002 805 4066 Saluum
822 4003 873 4065 fac
896 4025 1027 4066 seruum
1051 4014 1154 4068 tuum.
1200 4004 1292 4066 Deus
1309 4023 1403 4066 meus

153 4103 341 4177 sperantem
358 4093 391 4152 in
408 4099 450 4152 te.
495 4090 595 4151 Mitte
610 4089 640 4150 ei
655 4089 790 4152 domine
806 4090 967 4153 auxilium
985 4092 1027 4153 de
1039 4101 1162 4154 sancto.
1200 4091 1245 4154 Et
1260 4092 1303 4153 de
1318 4109 1403 4172 syon

154 4191 246 4244 tuere
258 4199 344 4241 eum.
391 4176 500 4238 Nichil
518 4175 667 4256 proficiat
683 4176 834 4238 inimicus
851 4178 883 4237 in
894 4197 943 4240 eo.
982 4178 1027 4240 Et
1043 4177 1129 4240 filius
1142 4178 1324 4259 iniquitatis
1336 4196 1400 4238 non

154 4276 303 4350 apponat
340 4284 457 4327 nocere
487 4264 525 4326 ei.
588 4262 734 4324 Domine
775 4264 899 4326 exaudi
937 4265 1120 4327 orationem
1161 4285 1281 4328 meam.
1349 4263 1402 4325 Et

318 4429 326 4461 ¹
344 4449 409 4496 pape
421 4431 515 4480 erased.

315 4496 325 4528 2
343 4500 435 4562 Ruliug
446 4497 483 4546 sor
501 4496 603 4545 musical
614 4497 736 4558 notation,
750 4499 793 4548 but
806 4506 878 4548 notes
889 4506 933 4548 not
944 4498 1049 4549 written.
1142 4567 1145 4574 Ι
