3096 5092
498 326 814 377 BENEDICTIONES
829 325 1034 376 DIUERSAE.

424 457 460 525 51
1076 459 1114 527 52

143 555 291 636 quinque
313 574 417 636 panes
433 555 466 616 in
482 555 622 617 deserto.
641 564 679 618 ut
701 555 744 618 sit
793 557 995 639 quicumque
1046 577 1122 619 eum
1179 556 1286 639 capiti
1346 573 1410 617 suo

144 642 300 704 dominus
327 642 476 704 eiusdem
502 641 678 704 abundans
710 643 742 703 in
794 645 1009 725 imposuerit:
1026 644 1301 707 benedictionem
1320 640 1409 703 acci-

145 748 293 790 annuum
327 727 523 790 alimentum
556 738 744 809 gustantes·
795 728 882 812 pieti
896 732 939 792 de
954 733 1113 813 supernis
1139 731 1251 811 sitque
1276 729 1314 790 in
1341 727 1408 789 fide

145 834 210 895 que
225 835 269 876 ex
285 835 326 876 eo
338 816 503 896 accipiant
515 824 585 877 tam
598 816 744 896 corporis
795 816 940 880 solidus:
962 828 995 881 et
1011 818 1198 880 sanctitatis
1214 815 1408 898 grauedine

145 921 247 983 quam
263 903 374 964 anime
389 902 575 963 sanitatem.
622 903 691 964 Per.
795 902 960 966 fundatus.

150 1045 185 1115 (Ι
206 1039 388 1101 Benedictio
403 1060 559 1101 nouorum
569 1050 738 1120 pomorum

358 1136 520 1207 pirorum.

199 1236 365 1299 Anctifica
406 1243 440 1310 ›1‹
479 1238 615 1300 domine
657 1237 745 1300 hunc

207 1345 331 1386 nouum
355 1323 498 1387 fructum
522 1324 685 1387 arborum.
710 1335 747 1388 ut

147 1411 204 1491 qui
216 1431 256 1473 eo
266 1408 488 1494 utunturlsint
498 1432 630 1492 semper
639 1411 683 1494 [p.
694 1429 745 1490 91.

148 1498 181 1646 ip
198 1506 256 1561 tuo
266 1508 382 1560 sancto
394 1499 530 1561 nomine
542 1497 747 1562 sanctificati.

175 1605 217 1647 er.

211 1702 246 1772 (Ι
267 1695 449 1759 Benedictio
464 1718 606 1759 unorum
621 1698 690 1760 siue

364 1783 536 1863 fabarum.

156 1886 392 2035 BEnedic
356 1892 390 1959 ›1‹
405 1887 540 1948 domine
550 1886 610 1949 hos
623 1887 748 1948 fructus

223 1993 327 2035 nouos
360 1982 392 2035 et
425 1982 572 2036 maturos
600 1994 747 2036 uuarum

150 2079 234 2140 quos
257 2069 293 2122 tu
316 2060 452 2122 domine
475 2081 533 2142 per
557 2081 662 2123 rorem
687 2061 747 2123 celi

150 2156 185 2209 et
196 2155 281 2209 terre
291 2147 537 2228 pinguedinem.
551 2156 585 2209 et
597 2156 750 2229 tempora

150 2253 266 2295 serena
318 2242 419 2314 atque
471 2233 656 2314 tranquilla.
706 2234 748 2296 ad

151 2320 377 2383 maturitatem
394 2321 573 2402 perducere
592 2321 750 2402 dignatus

150 2428 197 2469 es.
216 2407 258 2468 ad
282 2407 530 2489 percipiendum
555 2407 650 2469 nobis
673 2428 749 2470 curn

151 2494 333 2575 gratiarum
357 2495 494 2556 actione.
552 2495 591 2556 In
615 2495 750 2556 nomine

152 2581 279 2644 domini
296 2581 399 2643 nostri
417 2579 508 2643 ihesu
525 2580 646 2643 christi.
682 2580 749 2662 Qui

150 2687 236 2729 cum.
281 2673 315 2742 (Ι
337 2668 503 2748 Incipiunt
526 2668 751 2730 benedictiones

149 2754 197 2815 ad
203 2764 393 2816 ornamenta
408 2755 526 2816 ecclesie
537 2754 750 2817 benedicenda.

288 2880 323 2950 (Ι
345 2874 528 2937 Benedictio
543 2874 619 2937 albe.

158 2977 297 3107 DEus
325 2979 458 3040 inuicte¹
481 2979 612 3040 uirtutis
637 2986 752 3040 auctor

239 3115 431 3177 etomnium
445 3125 573 3178 creator
585 3124 619 3177 et
630 3059 752 3176 saddtil

152 3200 276 3264 ficator.
308 3202 444 3264 intende
474 3222 587 3283 preces
622 3211 752 3263 nostras

153 3298 187 3351 et
202 3288 288 3350 hanc
304 3287 415 3350 albam
437 3288 568 3350 leuitice
584 3309 622 3349 ac
645 3308 751 3350 sacer·

152 3425 274 3489 dotalis
285 3425 390 3506 glorie
402 3435 460 3487 tuo
477 3445 532 3486 ore
548 3369 750 3488 benldllcere.

150 3507 357 3626 sanciiddare
373 3573 406 3624 et
419 3508 624 3646 coliiecrasre
641 3561 683 3644 [p.
700 3578 751 3641 92.

153 3650 300 3732 digneris
316 3670 497 3731 omnesque
513 3671 552 3712 ea
569 3658 700 3711 utentes
718 3658 752 3711 et

153 3737 214 3800 tibi
238 3735 379 3798 fideliter
403 3746 516 3818 gratos
539 3736 624 3799 effici
651 3737 752 3798 serui-

154 3820 283 3898 entes‘t:
309 3823 377 3885 Per.

271 3942 305 4011 (Ι
327 3935 510 3998 Benedictio
524 3936 631 3998 amite

162 4048 391 4177 BEneffldic
414 4049 548 4110 domine
572 4068 753 4129 quesumus

227 4136 440 4216 omnipotens
467 4136 626 4197 amictum
652 4135 752 4197 istum

155 4231 225 4285 tam
262 4221 385 4284 leuitici
421 4242 522 4303 quam
557 4220 754 4284 sacerdotali

155 4309 262 4372 officii.
290 4318 324 4371 et
350 4311 495 4371 concede
519 4308 694 4390 propicius
719 4317 756 4371 ut

219 4407 229 4440 ¹
247 4410 304 4459 MS.
319 4411 467 4475 originally
461 4410 578 4460 ruuincte.

220 4475 232 4508 ²
246 4475 328 4525 These
340 4492 434 4525 crosses
445 4477 509 4526 have
521 4476 585 4525 been
596 4476 687 4525 added.

902 1056 936 1125 (Ι
958 1049 1140 1111 Benedictio
1153 1048 1287 1130 eingnli.

799 1147 1065 1278 OMnipotens
1090 1148 1295 1230 sempiterne
1320 1145 1405 1207 deus

879 1236 936 1316 qui
949 1255 1050 1298 aaron
1063 1244 1097 1297 et
1108 1234 1192 1297 filios
1203 1234 1275 1296 eius
1292 1252 1405 1294 sacer-

796 1322 901 1385 dotali
918 1323 1100 1384 ministerio
1116 1319 1250 1402 cingulo
1266 1329 1302 1382 et
1324 1338 1404 1381 cum

797 1408 911 1471 balteo
926 1410 960 1470 in
977 1409 1109 1471 renibus
1125 1408 1243 1488 stringi
1265 1406 1404 1483 iussisti.

797 1495 915 1558 adesto
935 1494 1234 1577 supplicationibus
1257 1494 1404 1555 nostris:

797 1592 832 1645 et
858 1593 969 1663 presta
993 1591 1030 1644 ut
1057 1603 1173 1644 omnes
1196 1590 1254 1643 tue
1283 1588 1404 1642 sancte

797 1669 1001 1768 operationis
1021 1665 1212 1742 ministeriii
1226 1666 1290 1729 hac
1317 1685 1405 1728 zona

796 1756 924 1818 iusticie
940 1757 1160 1838 circumcepti.
1180 1774 1274 1816 renes
1291 1752 1404 1817 lumb-

798 1862 902 1923 osque
911 1853 1026 1905 sancte
1037 1843 1196 1924 pudicitie
1206 1841 1403 1923 precingere

797 1928 967 2013 satasgant
998 1938 1100 2010 atque
1137 1925 1403 2010 preuale-[p.93

798 2026 871 2079 ant:
894 2016 1051 2098 quatinus
1067 2016 1159 2077 nullo
1175 2015 1277 2077 modo
1296 2023 1404 2077 uento

798 2101 950 2166 elationis
984 2112 1018 2165 et
1049 2103 1181 2184 frigore¹
1214 2100 1404 2182 iniquitatis

797 2189 979 2253 tabescant.
1006 2191 1065 2252 sed
1094 2189 1200 2270 magis
1225 2188 1404 2269 magisque

798 2286 832 2340 te
848 2277 1034 2358 opitulante
1048 2276 1236 2338 confirmari
1246 2283 1281 2337 et
1290 2294 1404 2336 corro-

799 2363 928 2426 borari:
951 2365 993 2426 ad
1011 2364 1071 2426 tibi
1087 2363 1211 2446 placita
1225 2370 1361 2442 queant.

886 2511 921 2581 (Ι
943 2504 1127 2567 Benedictio
1143 2502 1311 2584 manipuli.

871 2617 985 2680 Xaudi
1015 2637 1076 2680 nos
1112 2616 1247 2678 domine
1281 2635 1405 2695 quesu-

883 2725 965 2766 mus,
982 2713 1018 2766 ut
1034 2705 1095 2766 hos
1112 2700 1299 2783 manipulos
1316 2701 1404 2764 sacri

801 2791 974 2853 ministerii
986 2791 1059 2853 usui
1070 2797 1262 2872 preparatos
1272 2788 1401 2862 bened<

800 2879 909 2941 dicere
925 2886 959 2939 et
980 2876 1228 2950 sanctifflficare
1243 2875 1403 2956 digneris.

930 3028 964 3097 (Ι
986 3021 1170 3084 Benedictio
1184 3020 1268 3082 stole.

809 3133 947 3263 DEus
963 3134 1020 3215 qui
1036 3132 1115 3195 solis
1138 3131 1404 3213 predicatoribus

887 3221 1010 3282 collum
1051 3230 1085 3283 et
1132 3228 1247 3300 pectus
1293 3219 1406 3280 orario

802 3309 922 3370 muniri
953 3308 1165 3369 concessisti:
1193 3305 1316 3368 exaudi
1341 3325 1405 3366 nos

801 3396 975 3477 propicius,
993 3403 1029 3456 ut
1052 3395 1252 3476 quicumque
1268 3401 1405 3456 tuorum

802 3483 1012 3544 sacerdotum
1058 3480 1134 3542 huic
1179 3477 1262 3541 stole
1316 3478 1406 3540 colla

801 3568 1027 3631 subiecerint.
1086 3566 1243 3648 quicquid
1303 3565 1407 3628 corde

802 3656 940 3718 credant
955 3655 1034 3718 boni
1046 3653 1249 3736 protulerint.
1262 3661 1296 3713 et
1311 3653 1405 3732 quod

802 3742 912 3805 uerbis
950 3741 1167 3804 edocuerint:
1212 3738 1307 3801 factis
1347 3740 1407 3802 ad·

804 3829 941 3910 implere
957 3828 1132 3892 festinent:
1158 3829 1227 3888 Per.

889 3988 924 4058 (Ι
939 3978 1136 4063 [Benedictio
1151 3980 1263 4041 casule.
1290 3978 1335 4060 [p.
1353 3996 1407 4058 94

880 4096 951 4159 Eus
967 4096 1041 4159 fons
1056 4095 1215 4159 bonitatis
1232 4105 1265 4156 et
1275 4095 1409 4158 iusticie

888 4185 945 4265 qui
968 4185 1016 4246 tui
1038 4183 1146 4265 operis
1170 4182 1338 4243 ministros
1363 4183 1408 4245 ad

805 4280 994 4334 extremum
1011 4265 1266 4343 uestimentum†
1286 4268 1411 4332 casule.

806 4359 898 4421 cuius
923 4358 1105 4419 munimine
1128 4356 1265 4418 interius
1292 4357 1412 4420 omnia

911 4471 919 4504 ¹
937 4474 995 4523 MS.
1009 4473 1141 4537 originally
1152 4471 1275 4535 frigorem
