<?xml version="1.0" encoding="UTF-8"?>
<!DOCTYPE html PUBLIC "-//W3C//DTD XHTML 1.0 Transitional//EN"
    "http://www.w3.org/TR/xhtml1/DTD/xhtml1-transitional.dtd">
<html xmlns="http://www.w3.org/1999/xhtml" xml:lang="en" lang="en">
 <head>
  <title>
</title>
<meta http-equiv="Content-Type" content="text/html;charset=utf-8" />
  <meta name='ocr-system' content='tesseract 3.04.00' />
  <meta name='ocr-capabilities' content='ocr_page ocr_carea ocr_par ocr_line ocrx_word'/>
</head>
<body>
  <div class='ocr_page' id='page_1' title='image "./officiumecclesi00abbegoog/officiumecclesi00abbegoog_0063.png"; bbox 0 0 3096 5092; ppageno 0'>
   <div class='ocr_carea' id='block_1_1' title="bbox 433 374 1129 576">
    <p class='ocr_par' dir='ltr' id='par_1_1' title="bbox 433 374 1129 576">
     <span class='ocr_line' id='line_1_1' title="bbox 523 374 1031 428; baseline -0.002 0"><span class='ocrx_word' id='word_1_1' title='bbox 523 378 605 428; x_wconf 70' lang='lat' dir='ltr'>aaa.</span> <span class='ocrx_word' id='word_1_2' title='bbox 632 379 658 428; x_wconf 81' lang='grc' dir='ltr'>ν.</span> <span class='ocrx_word' id='word_1_3' title='bbox 678 377 726 427; x_wconf 81' lang='grc' dir='ltr'>ΙΝ</span> <span class='ocrx_word' id='word_1_4' title='bbox 740 374 863 428; x_wconf 71' lang='lat' dir='ltr'>coena</span> <span class='ocrx_word' id='word_1_5' title='bbox 882 378 1031 428; x_wconf 76' lang='lat' dir='ltr'>nonem.</span> 
     </span>
     <span class='ocr_line' id='line_1_2' title="bbox 433 494 1129 576; baseline -0.001 0"><span class='ocrx_word' id='word_1_6' title='bbox 433 510 472 576; x_wconf 84' lang='grc'>75</span> <span class='ocrx_word' id='word_1_7' title='bbox 1086 494 1129 575; x_wconf 91' lang='lat'>76</span> 
     </span>
    </p>
   </div>
   <div class='ocr_carea' id='block_1_2' title="bbox 144 603 1419 1643">
    <p class='ocr_par' dir='ltr' id='par_1_2' title="bbox 144 603 1419 1643">
     <span class='ocr_line' id='line_1_3' title="bbox 149 603 1419 690; baseline 0.001 -23"><span class='ocrx_word' id='word_1_8' title='bbox 149 603 243 686; x_wconf 86' lang='lat' dir='ltr'>sique</span> <span class='ocrx_word' id='word_1_9' title='bbox 259 606 447 670; x_wconf 85' lang='lat' dir='ltr'>cubiculum</span> <span class='ocrx_word' id='word_1_10' title='bbox 470 608 575 690; x_wconf 91' lang='lat' dir='ltr'>regis:</span> <span class='ocrx_word' id='word_1_11' title='bbox 600 608 632 669; x_wconf 92' lang='lat' dir='ltr'>in</span> <span class='ocrx_word' id='word_1_12' title='bbox 650 607 752 689; x_wconf 91' lang='lat' dir='ltr'>ipsius</span> <span class='ocrx_word' id='word_1_13' title='bbox 803 606 867 668; x_wconf 92' lang='lat' dir='ltr'>mei</span> <span class='ocrx_word' id='word_1_14' title='bbox 912 605 1002 668; x_wconf 91' lang='lat' dir='ltr'>deus.</span> <span class='ocrx_word' id='word_1_15' title='bbox 1047 615 1079 668; x_wconf 89' lang='lat' dir='ltr'>et</span> <span class='ocrx_word' id='word_1_16' title='bbox 1123 614 1344 669; x_wconf 79' lang='lat' dir='ltr'>reuertentur</span> <span class='ocrx_word' id='word_1_17' title='bbox 1386 604 1419 668; x_wconf 81' lang='lat' dir='ltr'>in</span> 
     </span>
     <span class='ocr_line' id='line_1_4' title="bbox 148 691 1418 775; baseline 0.002 -22"><span class='ocrx_word' id='word_1_18' title='bbox 148 692 225 755; x_wconf 90' lang='lat' dir='ltr'>aula</span> <span class='ocrx_word' id='word_1_19' title='bbox 261 692 460 757; x_wconf 88' lang='lat' dir='ltr'>benedicant</span> <span class='ocrx_word' id='word_1_20' title='bbox 497 714 619 756; x_wconf 91' lang='lat' dir='ltr'>nomen</span> <span class='ocrx_word' id='word_1_21' title='bbox 650 694 753 775; x_wconf 89' lang='lat' dir='ltr'>glorie</span> <span class='ocrx_word' id='word_1_22' title='bbox 800 691 931 755; x_wconf 80' lang='lat' dir='ltr'>cnorum</span> <span class='ocrx_word' id='word_1_23' title='bbox 949 692 1108 755; x_wconf 85' lang='lat' dir='ltr'>cantando</span> <span class='ocrx_word' id='word_1_24' title='bbox 1124 693 1299 774; x_wconf 86' lang='lat' dir='ltr'>psalmum</span> <span class='ocrx_word' id='word_1_25' title='bbox 1316 692 1418 755; x_wconf 77' lang='lat' dir='ltr'>illum</span> 
     </span>
     <span class='ocr_line' id='line_1_5' title="bbox 148 777 1416 861; baseline 0 -20"><span class='ocrx_word' id='word_1_26' title='bbox 148 788 205 842; x_wconf 93' lang='lat' dir='ltr'>tue</span> <span class='ocrx_word' id='word_1_27' title='bbox 220 799 369 861; x_wconf 89' lang='lat' dir='ltr'><strong>semper:</strong></span> <span class='ocrx_word' id='word_1_28' title='bbox 395 781 462 842; x_wconf 91' lang='lat' dir='ltr'>Per.</span> <span class='ocrx_word' id='word_1_29' title='bbox 513 781 622 843; x_wconf 78' lang='lat' dir='ltr'>Terci&#39;o</span> <span class='ocrx_word' id='word_1_30' title='bbox 641 780 755 844; x_wconf 84' lang='lat' dir='ltr'>Abbas</span> <span class='ocrx_word' id='word_1_31' title='bbox 806 777 877 856; x_wconf 83' lang='lat' dir='ltr'>Quo</span> <span class='ocrx_word' id='word_1_32' title='bbox 897 780 999 861; x_wconf 85' lang='lat' dir='ltr'>finito</span> <span class='ocrx_word' id='word_1_33' title='bbox 1012 803 1024 842; x_wconf 92' lang='lat'>.·</span> <span class='ocrx_word' id='word_1_34' title='bbox 1055 789 1205 842; x_wconf 85' lang='lat' dir='ltr'>cantetur</span> <span class='ocrx_word' id='word_1_35' title='bbox 1225 778 1416 861; x_wconf 74' lang='lat' dir='ltr'><em>antiphona.</em></span> 
     </span>
     <span class='ocr_line' id='line_1_6' title="bbox 147 866 1419 949; baseline 0.001 -22"><span class='ocrx_word' id='word_1_36' title='bbox 147 866 299 929; x_wconf 83' lang='lat' dir='ltr'>dicatter.</span> <span class='ocrx_word' id='word_1_37' title='bbox 331 867 754 932; x_wconf 84' lang='lat' dir='ltr'>¹UeniteUeniteUenite.¹</span> <span class='ocrx_word' id='word_1_38' title='bbox 807 866 933 944; x_wconf 82' lang='lat' dir='ltr'>Quibus</span> <span class='ocrx_word' id='word_1_39' title='bbox 969 866 1108 949; x_wconf 87' lang='lat' dir='ltr'>finitis:</span> <span class='ocrx_word' id='word_1_40' title='bbox 1155 876 1356 947; x_wconf 84' lang='lat' dir='ltr'>prosternat</span> <span class='ocrx_word' id='word_1_41' title='bbox 1388 887 1419 929; x_wconf 90' lang='lat' dir='ltr'>se</span> 
     </span>
     <span class='ocr_line' id='line_1_7' title="bbox 147 950 1416 1038; baseline 0.002 -25"><span class='ocrx_word' id='word_1_42' title='bbox 147 951 198 1013; x_wconf 88' lang='lat' dir='ltr'>Et</span> <span class='ocrx_word' id='word_1_43' title='bbox 232 952 387 1015; x_wconf 77' lang='lat' dir='ltr'>diaeonus</span> <span class='ocrx_word' id='word_1_44' title='bbox 428 975 501 1016; x_wconf 89' lang='lat' dir='ltr'>cnm</span> <span class='ocrx_word' id='word_1_45' title='bbox 537 954 756 1035; x_wconf 80' lang='lat' dir='ltr'>penitentibus</span> <span class='ocrx_word' id='word_1_46' title='bbox 803 953 916 1016; x_wconf 82' lang='lat' dir='ltr'>Abbas</span> <span class='ocrx_word' id='word_1_47' title='bbox 950 974 1022 1015; x_wconf 78' lang='lat' dir='ltr'>curn</span> <span class='ocrx_word' id='word_1_48' title='bbox 1052 953 1230 1037; x_wconf 72' lang='lat' dir='ltr'>frenestitis</span> <span class='ocrx_word' id='word_1_49' title='bbox 1263 950 1312 1038; x_wconf 90' lang='lat' dir='ltr'>[p.</span> <span class='ocrx_word' id='word_1_50' title='bbox 1350 966 1416 1032; x_wconf 76' lang='lat'>135.</span> 
     </span>
     <span class='ocr_line' id='line_1_8' title="bbox 146 1036 1416 1123; baseline 0.001 -23"><span class='ocrx_word' id='word_1_51' title='bbox 146 1036 366 1122; x_wconf 69' lang='lat' dir='ltr'>f¹Flectamus</span> <span class='ocrx_word' id='word_1_52' title='bbox 375 1043 507 1123; x_wconf 88' lang='lat' dir='ltr'>genua¹.</span> <span class='ocrx_word' id='word_1_53' title='bbox 516 1041 614 1103; x_wconf 83' lang='lat' dir='ltr'>Alter</span> <span class='ocrx_word' id='word_1_54' title='bbox 624 1041 667 1123; x_wconf 93' lang='lat' dir='ltr'>[p.</span> <span class='ocrx_word' id='word_1_55' title='bbox 686 1057 753 1119; x_wconf 85' lang='lat'>133.</span> <span class='ocrx_word' id='word_1_56' title='bbox 803 1049 879 1101; x_wconf 87' lang='lat' dir='ltr'>ante</span> <span class='ocrx_word' id='word_1_57' title='bbox 914 1040 1025 1102; x_wconf 87' lang='lat' dir='ltr'>altare.</span> <span class='ocrx_word' id='word_1_58' title='bbox 1085 1039 1133 1102; x_wconf 89' lang='lat' dir='ltr'>Et</span> <span class='ocrx_word' id='word_1_59' title='bbox 1167 1050 1351 1102; x_wconf 87' lang='lat' dir='ltr'>conuentus</span> <span class='ocrx_word' id='word_1_60' title='bbox 1384 1040 1416 1101; x_wconf 90' lang='lat' dir='ltr'>in</span> 
     </span>
     <span class='ocr_line' id='line_1_9' title="bbox 144 1125 1418 1207; baseline 0.002 -20"><span class='ocrx_word' id='word_1_61' title='bbox 144 1125 299 1189; x_wconf 85' lang='lat' dir='ltr'>de&#39;aconns</span> <span class='ocrx_word' id='word_1_62' title='bbox 334 1149 406 1189; x_wconf 88' lang='lat' dir='ltr'>cnm</span> <span class='ocrx_word' id='word_1_63' title='bbox 436 1128 563 1191; x_wconf 84' lang='lat' dir='ltr'>Abbate</span> <span class='ocrx_word' id='word_1_64' title='bbox 592 1128 753 1191; x_wconf 82' lang='lat' dir='ltr'>¹Leuate1.</span> <span class='ocrx_word' id='word_1_65' title='bbox 801 1125 899 1188; x_wconf 77' lang='lat' dir='ltr'>cnoro.</span> <span class='ocrx_word' id='word_1_66' title='bbox 937 1126 1062 1207; x_wconf 84' lang='lat' dir='ltr'>publice</span> <span class='ocrx_word' id='word_1_67' title='bbox 1106 1146 1180 1189; x_wconf 88' lang='lat' dir='ltr'>nero</span> <span class='ocrx_word' id='word_1_68' title='bbox 1208 1127 1418 1207; x_wconf 82' lang='lat' dir='ltr'><em>penitentes:</em></span> 
     </span>
     <span class='ocr_line' id='line_1_10' title="bbox 146 1211 1418 1288; baseline 0 -14"><span class='ocrx_word' id='word_1_69' title='bbox 146 1211 196 1275; x_wconf 89' lang='lat' dir='ltr'>Et</span> <span class='ocrx_word' id='word_1_70' title='bbox 209 1212 354 1288; x_wconf 83' lang='lat' dir='ltr'>Abatns†</span> <span class='ocrx_word' id='word_1_71' title='bbox 369 1215 518 1278; x_wconf 89' lang='lat' dir='ltr'>¹Exaudi</span> <span class='ocrx_word' id='word_1_72' title='bbox 535 1235 595 1277; x_wconf 93' lang='lat' dir='ltr'>nos</span> <span class='ocrx_word' id='word_1_73' title='bbox 610 1215 753 1277; x_wconf 90' lang='lat' dir='ltr'>christe.1</span> <span class='ocrx_word' id='word_1_74' title='bbox 804 1213 891 1275; x_wconf 86' lang='lat' dir='ltr'>inter</span> <span class='ocrx_word' id='word_1_75' title='bbox 903 1213 1062 1276; x_wconf 85' lang='lat' dir='ltr'>Abbatem</span> <span class='ocrx_word' id='word_1_76' title='bbox 1078 1223 1108 1275; x_wconf 92' lang='lat' dir='ltr'>et</span> <span class='ocrx_word' id='word_1_77' title='bbox 1121 1223 1325 1276; x_wconf 87' lang='lat' dir='ltr'>conuentum.</span> <span class='ocrx_word' id='word_1_78' title='bbox 1373 1213 1418 1276; x_wconf 90' lang='lat' dir='ltr'>Et</span> 
     </span>
     <span class='ocr_line' id='line_1_11' title="bbox 152 1298 1418 1384; baseline 0.002 -24"><span class='ocrx_word' id='word_1_79' title='bbox 152 1298 752 1384; x_wconf 77' lang='lat' dir='ltr'>Tunccnoriutprius1Kyrie1eys0n.</span> <span class='ocrx_word' id='word_1_80' title='bbox 802 1299 914 1362; x_wconf 83' lang='lat' dir='ltr'>de&#39;cant</span> <span class='ocrx_word' id='word_1_81' title='bbox 934 1300 986 1361; x_wconf 85' lang='lat' dir='ltr'>vii</span> <span class='ocrx_word' id='word_1_82' title='bbox 1005 1300 1156 1381; x_wconf 88' lang='lat' dir='ltr'>psalmos.</span> <span class='ocrx_word' id='word_1_83' title='bbox 1186 1298 1256 1362; x_wconf 68' lang='lat' dir='ltr'>hies</span> <span class='ocrx_word' id='word_1_84' title='bbox 1276 1300 1418 1383; x_wconf 84' lang='lat' dir='ltr'>finitis:</span> 
     </span>
     <span class='ocr_line' id='line_1_12' title="bbox 148 1385 1416 1471; baseline -0.001 -22"><span class='ocrx_word' id='word_1_85' title='bbox 148 1385 405 1470; x_wconf 90' lang='lat' dir='ltr'>Christeleyson.</span> <span class='ocrx_word' id='word_1_86' title='bbox 430 1388 673 1471; x_wconf 86' lang='lat' dir='ltr'>Kyrieleyson.¹</span> <span class='ocrx_word' id='word_1_87' title='bbox 692 1389 753 1450; x_wconf 90' lang='lat' dir='ltr'>Pa·</span> <span class='ocrx_word' id='word_1_88' title='bbox 802 1385 934 1448; x_wconf 87' lang='lat' dir='ltr'>dicatur</span> <span class='ocrx_word' id='word_1_89' title='bbox 944 1386 978 1447; x_wconf 93' lang='lat' dir='ltr'>in</span> <span class='ocrx_word' id='word_1_90' title='bbox 994 1386 1163 1449; x_wconf 77' lang='lat' dir='ltr'>audientia</span> <span class='ocrx_word' id='word_1_91' title='bbox 1179 1386 1416 1468; x_wconf 89' lang='lat' dir='ltr'>Kyrieleyson.</span> 
     </span>
     <span class='ocr_line' id='line_1_13' title="bbox 147 1472 1418 1556; baseline 0 -21"><span class='ocrx_word' id='word_1_92' title='bbox 147 1481 197 1535; x_wconf 91' lang='lat' dir='ltr'>ter</span> <span class='ocrx_word' id='word_1_93' title='bbox 227 1484 345 1537; x_wconf 90' lang='lat' dir='ltr'>noster.</span> <span class='ocrx_word' id='word_1_94' title='bbox 408 1475 453 1538; x_wconf 90' lang='lat' dir='ltr'>Et</span> <span class='ocrx_word' id='word_1_95' title='bbox 492 1496 533 1538; x_wconf 91' lang='lat' dir='ltr'>ne</span> <span class='ocrx_word' id='word_1_96' title='bbox 572 1496 640 1539; x_wconf 91' lang='lat' dir='ltr'>nos.</span> <span class='ocrx_word' id='word_1_97' title='bbox 709 1475 754 1537; x_wconf 94' lang='lat' dir='ltr'>Et</span> <span class='ocrx_word' id='word_1_98' title='bbox 806 1472 1310 1556; x_wconf 87' lang='lat' dir='ltr'>Christeleyson.Kyrieleyson.</span> <span class='ocrx_word' id='word_1_99' title='bbox 1328 1474 1418 1537; x_wconf 84' lang='lat' dir='ltr'>Tunc</span> 
     </span>
     <span class='ocr_line' id='line_1_14' title="bbox 146 1560 1414 1643; baseline -0.001 -21"><span class='ocrx_word' id='word_1_100' title='bbox 146 1560 259 1622; x_wconf 90' lang='lat' dir='ltr'>ueniat</span> <span class='ocrx_word' id='word_1_101' title='bbox 297 1582 396 1643; x_wconf 91' lang='lat' dir='ltr'>super</span> <span class='ocrx_word' id='word_1_102' title='bbox 433 1583 493 1624; x_wconf 91' lang='lat' dir='ltr'>nos</span> <span class='ocrx_word' id='word_1_103' title='bbox 532 1562 755 1624; x_wconf 86' lang='lat' dir='ltr'>misericordia</span> <span class='ocrx_word' id='word_1_104' title='bbox 805 1560 917 1623; x_wconf 85' lang='lat' dir='ltr'>Abbas</span> <span class='ocrx_word' id='word_1_105' title='bbox 932 1560 1060 1622; x_wconf 86' lang='lat' dir='ltr'>iacendo</span> <span class='ocrx_word' id='word_1_106' title='bbox 1075 1560 1164 1622; x_wconf 83' lang='lat' dir='ltr'>de‘cat</span> <span class='ocrx_word' id='word_1_107' title='bbox 1176 1560 1277 1623; x_wconf 92' lang='lat' dir='ltr'>Pater</span> <span class='ocrx_word' id='word_1_108' title='bbox 1293 1568 1414 1623; x_wconf 87' lang='lat' dir='ltr'>noster.</span> 
     </span>
    </p>
   </div>
   <div class='ocr_carea' id='block_1_3' title="bbox 145 1642 755 2056">
    <p class='ocr_par' dir='ltr' id='par_1_3' title="bbox 145 1642 755 2056">
     <span class='ocr_line' id='line_1_15' title="bbox 146 1642 754 1730; baseline 0.003 -22"><span class='ocrx_word' id='word_1_109' title='bbox 146 1642 218 1727; x_wconf 90' lang='lat' dir='ltr'>[tua</span> <span class='ocrx_word' id='word_1_110' title='bbox 230 1648 403 1730; x_wconf 62' lang='lat' dir='ltr'>dominei]</span> <span class='ocrx_word' id='word_1_111' title='bbox 430 1649 475 1711; x_wconf 91' lang='lat' dir='ltr'>Et</span> <span class='ocrx_word' id='word_1_112' title='bbox 491 1649 635 1712; x_wconf 94' lang='lat' dir='ltr'>salutare</span> <span class='ocrx_word' id='word_1_113' title='bbox 651 1657 754 1711; x_wconf 91' lang='lat' dir='ltr'>tuum.</span> 
     </span>
     <span class='ocr_line' id='line_1_16' title="bbox 148 1733 754 1799; baseline 0.002 -2"><span class='ocrx_word' id='word_1_114' title='bbox 148 1733 268 1797; x_wconf 90' lang='lat' dir='ltr'>Saluos</span> <span class='ocrx_word' id='word_1_115' title='bbox 299 1735 350 1798; x_wconf 83' lang='lat' dir='ltr'>sac</span> <span class='ocrx_word' id='word_1_116' title='bbox 382 1756 494 1798; x_wconf 90' lang='lat' dir='ltr'>seruos</span> <span class='ocrx_word' id='word_1_117' title='bbox 520 1743 605 1799; x_wconf 81' lang='lat' dir='ltr'>tuos,</span> <span class='ocrx_word' id='word_1_118' title='bbox 661 1736 754 1798; x_wconf 93' lang='lat' dir='ltr'>Deus</span> 
     </span>
     <span class='ocr_line' id='line_1_17' title="bbox 147 1822 754 1885; baseline 0.003 -3"><span class='ocrx_word' id='word_1_119' title='bbox 147 1840 249 1882; x_wconf 92' lang='lat' dir='ltr'>meus.</span> <span class='ocrx_word' id='word_1_120' title='bbox 318 1822 464 1884; x_wconf 90' lang='lat' dir='ltr'>Domine</span> <span class='ocrx_word' id='word_1_121' title='bbox 511 1822 634 1885; x_wconf 86' lang='lat' dir='ltr'>exaudi</span> <span class='ocrx_word' id='word_1_122' title='bbox 681 1843 754 1884; x_wconf 92' lang='lat' dir='ltr'>ora-</span> 
     </span>
     <span class='ocr_line' id='line_1_18' title="bbox 146 1908 755 1971; baseline 0.005 -3"><span class='ocrx_word' id='word_1_123' title='bbox 146 1908 272 1970; x_wconf 91' lang='lat' dir='ltr'>tionem</span> <span class='ocrx_word' id='word_1_124' title='bbox 290 1929 409 1971; x_wconf 85' lang='lat' dir='ltr'>meam.</span> <span class='ocrx_word' id='word_1_125' title='bbox 455 1909 621 1971; x_wconf 88' lang='lat' dir='ltr'>Dominus</span> <span class='ocrx_word' id='word_1_126' title='bbox 645 1909 755 1971; x_wconf 92' lang='lat' dir='ltr'>uobis-</span> 
     </span>
     <span class='ocr_line' id='line_1_19' title="bbox 145 2014 230 2056; baseline 0.012 -1"><span class='ocrx_word' id='word_1_127' title='bbox 145 2014 230 2056; x_wconf 92' lang='lat' dir='ltr'>cum.</span> 
     </span>
    </p>
   </div>
   <div class='ocr_carea' id='block_1_4' title="bbox 378 2105 523 2170">
    <p class='ocr_par' dir='ltr' id='par_1_4' title="bbox 378 2105 523 2170">
     <span class='ocr_line' id='line_1_20' title="bbox 378 2105 523 2170; baseline -0.007 0"><span class='ocrx_word' id='word_1_128' title='bbox 378 2105 523 2170; x_wconf 83' lang='lat' dir='ltr'>Orennes.</span> 
     </span>
    </p>
   </div>
   <div class='ocr_carea' id='block_1_5' title="bbox 146 2215 760 4296">
    <p class='ocr_par' dir='ltr' id='par_1_5' title="bbox 223 2215 753 2285">
     <span class='ocr_line' id='line_1_21' title="bbox 223 2215 753 2285; baseline 0.011 -8"><span class='ocrx_word' id='word_1_129' title='bbox 223 2215 292 2278; x_wconf 91' lang='lat' dir='ltr'>Eus</span> <span class='ocrx_word' id='word_1_130' title='bbox 309 2218 493 2280; x_wconf 88' lang='lat' dir='ltr'>misericors</span> <span class='ocrx_word' id='word_1_131' title='bbox 505 2219 587 2281; x_wconf 91' lang='lat' dir='ltr'>deus</span> <span class='ocrx_word' id='word_1_132' title='bbox 599 2220 753 2285; x_wconf 91' lang='lat' dir='ltr'>clemens.</span> 
     </span>
    </p>

    <p class='ocr_par' dir='ltr' id='par_1_6' title="bbox 146 2305 760 4296">
     <span class='ocr_line' id='line_1_22' title="bbox 235 2305 753 2384; baseline 0.012 -20"><span class='ocrx_word' id='word_1_133' title='bbox 235 2305 292 2384; x_wconf 92' lang='lat' dir='ltr'>qui</span> <span class='ocrx_word' id='word_1_134' title='bbox 308 2305 491 2367; x_wconf 92' lang='lat' dir='ltr'>secundum</span> <span class='ocrx_word' id='word_1_135' title='bbox 505 2307 753 2370; x_wconf 89' lang='lat' dir='ltr'>multitudinem</span> 
     </span>
     <span class='ocr_line' id='line_1_23' title="bbox 146 2390 755 2476; baseline 0.011 -26"><span class='ocrx_word' id='word_1_136' title='bbox 146 2390 395 2452; x_wconf 89' lang='lat' dir='ltr'>miserationum</span> <span class='ocrx_word' id='word_1_137' title='bbox 441 2401 571 2456; x_wconf 91' lang='lat' dir='ltr'>tuarum</span> <span class='ocrx_word' id='word_1_138' title='bbox 618 2404 755 2476; x_wconf 89' lang='lat' dir='ltr'>peccata</span> 
     </span>
     <span class='ocr_line' id='line_1_24' title="bbox 147 2478 752 2562; baseline 0.013 -26"><span class='ocrx_word' id='word_1_139' title='bbox 147 2478 368 2557; x_wconf 91' lang='lat' dir='ltr'>penitentium</span> <span class='ocrx_word' id='word_1_140' title='bbox 406 2478 508 2542; x_wconf 91' lang='lat' dir='ltr'>deles.</span> <span class='ocrx_word' id='word_1_141' title='bbox 546 2490 580 2544; x_wconf 91' lang='lat' dir='ltr'>et</span> <span class='ocrx_word' id='word_1_142' title='bbox 618 2483 752 2562; x_wconf 87' lang='lat' dir='ltr'>preteri-</span> 
     </span>
     <span class='ocr_line' id='line_1_25' title="bbox 147 2565 755 2650; baseline 0.013 -26"><span class='ocrx_word' id='word_1_143' title='bbox 147 2572 257 2625; x_wconf 93' lang='lat' dir='ltr'>torum</span> <span class='ocrx_word' id='word_1_144' title='bbox 291 2565 466 2627; x_wconf 91' lang='lat' dir='ltr'>criminum</span> <span class='ocrx_word' id='word_1_145' title='bbox 504 2568 619 2650; x_wconf 89' lang='lat' dir='ltr'>culpas</span> <span class='ocrx_word' id='word_1_146' title='bbox 656 2569 755 2632; x_wconf 90' lang='lat' dir='ltr'>uenia</span> 
     </span>
     <span class='ocr_line' id='line_1_26' title="bbox 148 2657 751 2719; baseline 0.015 -9"><span class='ocrx_word' id='word_1_147' title='bbox 148 2670 350 2713; x_wconf 87' lang='lat' dir='ltr'>remrssroms</span> <span class='ocrx_word' id='word_1_148' title='bbox 373 2671 525 2717; x_wconf 90' lang='lat' dir='ltr'>euacuas.</span> <span class='ocrx_word' id='word_1_149' title='bbox 542 2657 751 2719; x_wconf 91' lang='lat' dir='ltr'>maiestatem</span> 
     </span>
     <span class='ocr_line' id='line_1_27' title="bbox 147 2738 753 2823; baseline 0.012 -24"><span class='ocrx_word' id='word_1_150' title='bbox 147 2746 240 2799; x_wconf 92' lang='lat' dir='ltr'>tuam</span> <span class='ocrx_word' id='word_1_151' title='bbox 271 2738 437 2819; x_wconf 89' lang='lat' dir='ltr'>supplices</span> <span class='ocrx_word' id='word_1_152' title='bbox 464 2740 688 2823; x_wconf 87' lang='lat' dir='ltr'>deprecamur.</span> <span class='ocrx_word' id='word_1_153' title='bbox 716 2752 753 2805; x_wconf 95' lang='lat' dir='ltr'>ut</span> 
     </span>
     <span class='ocr_line' id='line_1_28' title="bbox 147 2822 752 2911; baseline 0.013 -27"><span class='ocrx_word' id='word_1_154' title='bbox 147 2822 210 2884; x_wconf 90' lang='lat' dir='ltr'>hiis</span> <span class='ocrx_word' id='word_1_155' title='bbox 227 2823 359 2887; x_wconf 91' lang='lat' dir='ltr'>famulis</span> <span class='ocrx_word' id='word_1_156' title='bbox 382 2827 448 2888; x_wconf 92' lang='lat' dir='ltr'>tuis</span> <span class='ocrx_word' id='word_1_157' title='bbox 471 2828 572 2909; x_wconf 89' lang='lat' dir='ltr'>longo</span> <span class='ocrx_word' id='word_1_158' title='bbox 599 2829 752 2911; x_wconf 89' lang='lat' dir='ltr'>squalore</span> 
     </span>
     <span class='ocr_line' id='line_1_29' title="bbox 146 2910 753 2998; baseline 0.018 -28"><span class='ocrx_word' id='word_1_159' title='bbox 146 2910 329 2992; x_wconf 90' lang='lat' dir='ltr'>penitentie</span> <span class='ocrx_word' id='word_1_160' title='bbox 340 2915 514 2976; x_wconf 87' lang='lat' dir='ltr'>maceratis</span> <span class='ocrx_word' id='word_1_161' title='bbox 524 2913 616 2997; x_wconf 74' lang='lat' dir='ltr'>lmis-</span> <span class='ocrx_word' id='word_1_162' title='bbox 627 2916 670 2998; x_wconf 88' lang='lat' dir='ltr'>[p.</span> <span class='ocrx_word' id='word_1_163' title='bbox 686 2934 753 2996; x_wconf 81' lang='lat'>134</span> 
     </span>
     <span class='ocr_line' id='line_1_30' title="bbox 148 2998 755 3085; baseline 0.013 -27"><span class='ocrx_word' id='word_1_164' title='bbox 148 2998 304 3059; x_wconf 89' lang='lat' dir='ltr'>erationis</span> <span class='ocrx_word' id='word_1_165' title='bbox 352 3006 408 3061; x_wconf 93' lang='lat' dir='ltr'>tue</span> <span class='ocrx_word' id='word_1_166' title='bbox 460 3003 591 3065; x_wconf 91' lang='lat' dir='ltr'>ueniam</span> <span class='ocrx_word' id='word_1_167' title='bbox 645 3003 755 3085; x_wconf 88' lang='lat' dir='ltr'>largiri</span> 
     </span>
     <span class='ocr_line' id='line_1_31' title="bbox 149 3083 754 3167; baseline 0.015 -23"><span class='ocrx_word' id='word_1_168' title='bbox 149 3083 303 3164; x_wconf 87' lang='lat' dir='ltr'>digneris.</span> <span class='ocrx_word' id='word_1_169' title='bbox 336 3096 372 3148; x_wconf 95' lang='lat' dir='ltr'>ut</span> <span class='ocrx_word' id='word_1_170' title='bbox 403 3089 542 3167; x_wconf 90' lang='lat' dir='ltr'>nuptiali</span> <span class='ocrx_word' id='word_1_171' title='bbox 574 3100 668 3153; x_wconf 89' lang='lat' dir='ltr'>ueste</span> <span class='ocrx_word' id='word_1_172' title='bbox 705 3112 754 3153; x_wconf 91' lang='lat' dir='ltr'>re-</span> 
     </span>
     <span class='ocr_line' id='line_1_32' title="bbox 149 3172 755 3253; baseline 0.015 -22"><span class='ocrx_word' id='word_1_173' title='bbox 149 3180 247 3250; x_wconf 87' lang='lat' dir='ltr'>cepta</span> <span class='ocrx_word' id='word_1_174' title='bbox 271 3172 313 3233; x_wconf 90' lang='lat' dir='ltr'>ad</span> <span class='ocrx_word' id='word_1_175' title='bbox 331 3172 474 3253; x_wconf 86' lang='lat' dir='ltr'>regalem</span> <span class='ocrx_word' id='word_1_176' title='bbox 493 3196 642 3239; x_wconf 91' lang='lat' dir='ltr'>mensam</span> <span class='ocrx_word' id='word_1_177' title='bbox 666 3178 755 3240; x_wconf 92' lang='lat' dir='ltr'>unde</span> 
     </span>
     <span class='ocr_line' id='line_1_33' title="bbox 149 3257 753 3327; baseline 0.017 -10"><span class='ocrx_word' id='word_1_178' title='bbox 149 3257 244 3318; x_wconf 91' lang='lat' dir='ltr'>eiecti</span> <span class='ocrx_word' id='word_1_179' title='bbox 258 3257 388 3321; x_wconf 83' lang='lat' dir='ltr'>fuerant</span> <span class='ocrx_word' id='word_1_180' title='bbox 401 3273 589 3325; x_wconf 90' lang='lat' dir='ltr'>mereantur</span> <span class='ocrx_word' id='word_1_181' title='bbox 605 3265 753 3327; x_wconf 89' lang='lat' dir='ltr'>introire:</span> 
     </span>
     <span class='ocr_line' id='line_1_34' title="bbox 150 3343 758 3421; baseline 0.015 -17"><span class='ocrx_word' id='word_1_182' title='bbox 150 3343 233 3405; x_wconf 81' lang='lat' dir='ltr'>Per.³</span> <span class='ocrx_word' id='word_1_183' title='bbox 281 3343 405 3421; x_wconf 84' lang='lat' dir='ltr'>Quarto</span> <span class='ocrx_word' id='word_1_184' title='bbox 420 3347 510 3410; x_wconf 79' lang='lat' dir='ltr'>de‘cat</span> <span class='ocrx_word' id='word_1_185' title='bbox 522 3350 634 3412; x_wconf 84' lang='lat' dir='ltr'>Abbas</span> <span class='ocrx_word' id='word_1_186' title='bbox 648 3361 698 3413; x_wconf 85' lang='lat' dir='ltr'>ter</span> <span class='ocrx_word' id='word_1_187' title='bbox 711 3351 758 3412; x_wconf 91' lang='lat' dir='ltr'>sic</span> 
     </span>
     <span class='ocr_line' id='line_1_35' title="bbox 150 3428 757 3503; baseline 0.008 -9"><span class='ocrx_word' id='word_1_188' title='bbox 150 3428 286 3494; x_wconf 89' lang='lat' dir='ltr'>¹Uenite</span> <span class='ocrx_word' id='word_1_189' title='bbox 296 3434 408 3496; x_wconf 92' lang='lat' dir='ltr'>uenite</span> <span class='ocrx_word' id='word_1_190' title='bbox 417 3435 548 3498; x_wconf 89' lang='lat' dir='ltr'>uenite.l</span> <span class='ocrx_word' id='word_1_191' title='bbox 577 3437 757 3503; x_wconf 71' lang='lat' dir='ltr'>conuentus</span> 
     </span>
     <span class='ocr_line' id='line_1_36' title="bbox 149 3518 757 3606; baseline 0.016 -29"><span class='ocrx_word' id='word_1_192' title='bbox 149 3518 274 3598; x_wconf 84' lang='lat' dir='ltr'>supleat</span> <span class='ocrx_word' id='word_1_193' title='bbox 302 3521 511 3602; x_wconf 78' lang='lat' dir='ltr'>antiphonam</span> <span class='ocrx_word' id='word_1_194' title='bbox 533 3545 605 3586; x_wconf 84' lang='lat' dir='ltr'>cnm</span> <span class='ocrx_word' id='word_1_195' title='bbox 628 3526 757 3606; x_wconf 87' lang='lat' dir='ltr'>psalmo</span> 
     </span>
     <span class='ocr_line' id='line_1_37' title="bbox 149 3604 755 3674; baseline 0.015 -9"><span class='ocrx_word' id='word_1_196' title='bbox 149 3604 350 3668; x_wconf 91' lang='lat' dir='ltr'>Benedicam</span> <span class='ocrx_word' id='word_1_197' title='bbox 374 3609 546 3672; x_wconf 92' lang='lat' dir='ltr'>dominum</span> <span class='ocrx_word' id='word_1_198' title='bbox 569 3612 621 3674; x_wconf 89' lang='lat' dir='ltr'>sic.</span> <span class='ocrx_word' id='word_1_199' title='bbox 667 3611 755 3674; x_wconf 90' lang='lat' dir='ltr'>1Filii</span> 
     </span>
     <span class='ocr_line' id='line_1_38' title="bbox 149 3692 755 3761; baseline 0.017 -10"><span class='ocrx_word' id='word_1_200' title='bbox 149 3692 262 3754; x_wconf 90' lang='lat' dir='ltr'>audite</span> <span class='ocrx_word' id='word_1_201' title='bbox 315 3714 368 3756; x_wconf 95' lang='lat' dir='ltr'>me</span> <span class='ocrx_word' id='word_1_202' title='bbox 421 3697 574 3760; x_wconf 91' lang='lat' dir='ltr'>timorem</span> <span class='ocrx_word' id='word_1_203' title='bbox 629 3700 755 3761; x_wconf 92' lang='lat' dir='ltr'>domini</span> 
     </span>
     <span class='ocr_line' id='line_1_39' title="bbox 150 3778 756 3848; baseline 0.015 -9"><span class='ocrx_word' id='word_1_204' title='bbox 150 3778 278 3841; x_wconf 89' lang='lat' dir='ltr'>docebo</span> <span class='ocrx_word' id='word_1_205' title='bbox 316 3801 383 3843; x_wconf 91' lang='lat' dir='ltr'>uos.</span> <span class='ocrx_word' id='word_1_206' title='bbox 432 3783 653 3848; x_wconf 66' lang='lat' dir='ltr'>Benedicam.¹¹</span> <span class='ocrx_word' id='word_1_207' title='bbox 699 3785 756 3847; x_wconf 90' lang='lat' dir='ltr'>In-</span> 
     </span>
     <span class='ocr_line' id='line_1_40' title="bbox 148 3865 760 3946; baseline 0.016 -21"><span class='ocrx_word' id='word_1_208' title='bbox 148 3865 243 3926; x_wconf 83' lang='lat' dir='ltr'>terim</span> <span class='ocrx_word' id='word_1_209' title='bbox 260 3867 438 3946; x_wconf 82' lang='lat' dir='ltr'>penitentes</span> <span class='ocrx_word' id='word_1_210' title='bbox 451 3871 630 3934; x_wconf 86' lang='lat' dir='ltr'>tradantnr</span> <span class='ocrx_word' id='word_1_211' title='bbox 648 3872 760 3935; x_wconf 88' lang='lat' dir='ltr'>abbati</span> 
     </span>
     <span class='ocr_line' id='line_1_41' title="bbox 149 3952 757 4033; baseline 0.018 -22"><span class='ocrx_word' id='word_1_212' title='bbox 149 3973 171 4012; x_wconf 93' lang='lat' dir='ltr'>a</span> <span class='ocrx_word' id='word_1_213' title='bbox 189 3952 300 4033; x_wconf 85' lang='lat' dir='ltr'>priore</span> <span class='ocrx_word' id='word_1_214' title='bbox 325 3976 379 4018; x_wconf 90' lang='lat' dir='ltr'>sen</span> <span class='ocrx_word' id='word_1_215' title='bbox 405 3967 538 4020; x_wconf 87' lang='lat' dir='ltr'>cantore.</span> <span class='ocrx_word' id='word_1_216' title='bbox 583 3959 632 4021; x_wconf 90' lang='lat' dir='ltr'>Et</span> <span class='ocrx_word' id='word_1_217' title='bbox 645 3959 757 4022; x_wconf 83' lang='lat' dir='ltr'>Abbas</span> 
     </span>
     <span class='ocr_line' id='line_1_42' title="bbox 149 4039 754 4125; baseline 0.013 -25"><span class='ocrx_word' id='word_1_218' title='bbox 149 4039 302 4102; x_wconf 86' lang='lat' dir='ltr'>restituat</span> <span class='ocrx_word' id='word_1_219' title='bbox 352 4063 403 4105; x_wconf 91' lang='lat' dir='ltr'>eos</span> <span class='ocrx_word' id='word_1_220' title='bbox 448 4044 575 4125; x_wconf 84' lang='lat' dir='ltr'>grenn&#39;o</span> <span class='ocrx_word' id='word_1_221' title='bbox 627 4047 754 4108; x_wconf 84' lang='lat' dir='ltr'>ecclesie.</span> 
     </span>
     <span class='ocr_line' id='line_1_43' title="bbox 152 4123 755 4213; baseline 0.018 -28"><span class='ocrx_word' id='word_1_222' title='bbox 152 4123 278 4202; x_wconf 85' lang='lat' dir='ltr'>Qnibns</span> <span class='ocrx_word' id='word_1_223' title='bbox 293 4127 505 4194; x_wconf 86' lang='lat' dir='ltr'>introductis:</span> <span class='ocrx_word' id='word_1_224' title='bbox 528 4132 661 4213; x_wconf 84' lang='lat' dir='ltr'>inponat</span> <span class='ocrx_word' id='word_1_225' title='bbox 681 4154 755 4195; x_wconf 89' lang='lat' dir='ltr'>can·</span> 
     </span>
     <span class='ocr_line' id='line_1_44' title="bbox 149 4213 755 4296; baseline 0.015 -23"><span class='ocrx_word' id='word_1_226' title='bbox 149 4220 207 4274; x_wconf 88' lang='lat' dir='ltr'>tor.</span> <span class='ocrx_word' id='word_1_227' title='bbox 229 4213 451 4296; x_wconf 81' lang='lat' dir='ltr'>Antiphonem</span> <span class='ocrx_word' id='word_1_228' title='bbox 467 4217 547 4282; x_wconf 86' lang='lat' dir='ltr'>1Cor</span> <span class='ocrx_word' id='word_1_229' title='bbox 571 4220 755 4283; x_wconf 92' lang='lat' dir='ltr'>mundum.l</span> 
     </span>
    </p>
   </div>
   <div class='ocr_carea' id='block_1_6' title="bbox 150 4298 757 4385">
    <p class='ocr_par' dir='ltr' id='par_1_7' title="bbox 150 4298 757 4385">
     <span class='ocr_line' id='line_1_45' title="bbox 150 4298 757 4385; baseline 0.015 -25"><span class='ocrx_word' id='word_1_230' title='bbox 150 4298 199 4361; x_wconf 89' lang='lat' dir='ltr'>Et</span> <span class='ocrx_word' id='word_1_231' title='bbox 234 4299 356 4364; x_wconf 87' lang='lat' dir='ltr'>intonet</span> <span class='ocrx_word' id='word_1_232' title='bbox 388 4305 554 4385; x_wconf 78' lang='lat' dir='ltr'>psalnenen</span> <span class='ocrx_word' id='word_1_233' title='bbox 599 4305 757 4370; x_wconf 86' lang='lat' dir='ltr'>Miserere</span> 
     </span>
    </p>
   </div>
   <div class='ocr_carea' id='block_1_7' title="bbox 185 4400 651 4609">
    <p class='ocr_par' dir='ltr' id='par_1_8' title="bbox 185 4400 651 4609">
     <span class='ocr_line' id='line_1_46' title="bbox 186 4400 348 4462; baseline 0.019 -3"><span class='ocrx_word' id='word_1_234' title='bbox 186 4400 239 4446; x_wconf 87' lang='lat'>¹-¹</span> <span class='ocrx_word' id='word_1_235' title='bbox 256 4412 348 4462; x_wconf 85' lang='lat' dir='ltr'>Noted.</span> 
     </span>
     <span class='ocr_line' id='line_1_47' title="bbox 185 4469 541 4530; baseline 0.02 -7"><span class='ocrx_word' id='word_1_236' title='bbox 185 4469 196 4502; x_wconf 82' lang='lat'>²</span> <span class='ocrx_word' id='word_1_237' title='bbox 214 4476 289 4526; x_wconf 83' lang='lat' dir='ltr'>Later</span> <span class='ocrx_word' id='word_1_238' title='bbox 300 4478 368 4527; x_wconf 89' lang='lat' dir='ltr'>hand</span> <span class='ocrx_word' id='word_1_239' title='bbox 380 4495 438 4529; x_wconf 88' lang='lat' dir='ltr'>over</span> <span class='ocrx_word' id='word_1_240' title='bbox 450 4497 541 4530; x_wconf 88' lang='lat' dir='ltr'>rasure.</span> 
     </span>
     <span class='ocr_line' id='line_1_48' title="bbox 185 4537 651 4609; baseline 0.013 -20"><span class='ocrx_word' id='word_1_241' title='bbox 185 4537 196 4569; x_wconf 80' lang='lat'><strong>³</strong></span> <span class='ocrx_word' id='word_1_242' title='bbox 214 4542 351 4592; x_wconf 89' lang='lat' dir='ltr'>Dominum</span> <span class='ocrx_word' id='word_1_243' title='bbox 364 4546 446 4594; x_wconf 85' lang='lat' dir='ltr'>added</span> <span class='ocrx_word' id='word_1_244' title='bbox 458 4547 492 4609; x_wconf 89' lang='lat' dir='ltr'>by</span> <span class='ocrx_word' id='word_1_245' title='bbox 503 4546 565 4595; x_wconf 88' lang='lat' dir='ltr'>later</span> <span class='ocrx_word' id='word_1_246' title='bbox 576 4546 651 4596; x_wconf 87' lang='lat' dir='ltr'>hand.</span> 
     </span>
    </p>
   </div>
   <div class='ocr_carea' id='block_1_8' title="bbox 804 1647 1416 2666">
    <p class='ocr_par' dir='ltr' id='par_1_9' title="bbox 804 1647 1416 2666">
     <span class='ocr_line' id='line_1_49' title="bbox 806 1647 1416 1728; baseline 0 -20"><span class='ocrx_word' id='word_1_247' title='bbox 806 1647 852 1708; x_wconf 90' lang='lat' dir='ltr'>Et</span> <span class='ocrx_word' id='word_1_248' title='bbox 882 1667 924 1709; x_wconf 91' lang='lat' dir='ltr'>ne</span> <span class='ocrx_word' id='word_1_249' title='bbox 954 1667 1022 1710; x_wconf 90' lang='lat' dir='ltr'>nos.</span> <span class='ocrx_word' id='word_1_250' title='bbox 1052 1658 1162 1728; x_wconf 76' lang='lat' dir='ltr'>preces</span> <span class='ocrx_word' id='word_1_251' title='bbox 1192 1647 1333 1711; x_wconf 91' lang='lat' dir='ltr'>Exaudi</span> <span class='ocrx_word' id='word_1_252' title='bbox 1365 1666 1416 1709; x_wconf 90' lang='lat' dir='ltr'>me</span> 
     </span>
     <span class='ocr_line' id='line_1_50' title="bbox 805 1733 1416 1816; baseline 0.002 -21"><span class='ocrx_word' id='word_1_253' title='bbox 805 1733 941 1795; x_wconf 92' lang='lat' dir='ltr'>domine</span> <span class='ocrx_word' id='word_1_254' title='bbox 977 1735 1136 1815; x_wconf 90' lang='lat' dir='ltr'>quoniam</span> <span class='ocrx_word' id='word_1_255' title='bbox 1173 1733 1323 1816; x_wconf 83' lang='lat' dir='ltr'>benigna</span> <span class='ocrx_word' id='word_1_256' title='bbox 1368 1742 1416 1796; x_wconf 90' lang='lat' dir='ltr'>est</span> 
     </span>
     <span class='ocr_line' id='line_1_51' title="bbox 807 1820 1414 1884; baseline 0.002 -2"><span class='ocrx_word' id='word_1_257' title='bbox 807 1821 1031 1884; x_wconf 89' lang='lat' dir='ltr'>misericordia</span> <span class='ocrx_word' id='word_1_258' title='bbox 1046 1829 1112 1883; x_wconf 85' lang='lat' dir='ltr'>tua</span> <span class='ocrx_word' id='word_1_259' title='bbox 1153 1820 1206 1883; x_wconf 94' lang='lat' dir='ltr'>Ne</span> <span class='ocrx_word' id='word_1_260' title='bbox 1222 1821 1414 1883; x_wconf 89' lang='lat' dir='ltr'>memineris</span> 
     </span>
     <span class='ocr_line' id='line_1_52' title="bbox 805 1907 1413 1988; baseline 0.002 -19"><span class='ocrx_word' id='word_1_261' title='bbox 805 1907 941 1970; x_wconf 92' lang='lat' dir='ltr'>domine</span> <span class='ocrx_word' id='word_1_262' title='bbox 979 1908 1191 1988; x_wconf 91' lang='lat' dir='ltr'>iniquitatum</span> <span class='ocrx_word' id='word_1_263' title='bbox 1223 1916 1413 1988; x_wconf 82' lang='lat' dir='ltr'>nostrarum</span> 
     </span>
     <span class='ocr_line' id='line_1_53' title="bbox 807 1994 1413 2077; baseline 0 -21"><span class='ocrx_word' id='word_1_264' title='bbox 807 1996 1027 2075; x_wconf 87' lang='lat' dir='ltr'>antiquarum.</span> <span class='ocrx_word' id='word_1_265' title='bbox 1093 1994 1170 2058; x_wconf 90' lang='lat' dir='ltr'>Cito</span> <span class='ocrx_word' id='word_1_266' title='bbox 1218 1995 1413 2077; x_wconf 85' lang='lat' dir='ltr'>anticipent</span> 
     </span>
     <span class='ocr_line' id='line_1_54' title="bbox 805 2080 1415 2144; baseline 0.002 -1"><span class='ocrx_word' id='word_1_267' title='bbox 805 2081 943 2143; x_wconf 91' lang='lat' dir='ltr'>Adiuua</span> <span class='ocrx_word' id='word_1_268' title='bbox 967 2101 1027 2142; x_wconf 91' lang='lat' dir='ltr'>nos</span> <span class='ocrx_word' id='word_1_269' title='bbox 1051 2082 1133 2143; x_wconf 92' lang='lat' dir='ltr'>deus</span> <span class='ocrx_word' id='word_1_270' title='bbox 1156 2080 1312 2144; x_wconf 90' lang='lat' dir='ltr'>salutaris</span> <span class='ocrx_word' id='word_1_271' title='bbox 1340 2101 1415 2144; x_wconf 91' lang='lat' dir='ltr'>nos·</span> 
     </span>
     <span class='ocr_line' id='line_1_55' title="bbox 805 2167 1414 2231; baseline 0 -1"><span class='ocrx_word' id='word_1_272' title='bbox 805 2177 861 2230; x_wconf 89' lang='lat' dir='ltr'>ter.</span> <span class='ocrx_word' id='word_1_273' title='bbox 930 2167 1049 2231; x_wconf 88' lang='lat' dir='ltr'>Saluos</span> <span class='ocrx_word' id='word_1_274' title='bbox 1087 2167 1138 2230; x_wconf 83' lang='lat' dir='ltr'>iac</span> <span class='ocrx_word' id='word_1_275' title='bbox 1176 2188 1291 2230; x_wconf 90' lang='lat' dir='ltr'>seruos</span> <span class='ocrx_word' id='word_1_276' title='bbox 1330 2177 1414 2231; x_wconf 85' lang='lat' dir='ltr'>tuos</span> 
     </span>
     <span class='ocr_line' id='line_1_56' title="bbox 806 2254 1416 2318; baseline 0.003 -3"><span class='ocrx_word' id='word_1_277' title='bbox 806 2254 898 2316; x_wconf 91' lang='lat' dir='ltr'>Deus</span> <span class='ocrx_word' id='word_1_278' title='bbox 923 2274 1024 2316; x_wconf 89' lang='lat' dir='ltr'>meus.</span> <span class='ocrx_word' id='word_1_279' title='bbox 1080 2254 1179 2317; x_wconf 91' lang='lat' dir='ltr'>Mitte</span> <span class='ocrx_word' id='word_1_280' title='bbox 1206 2255 1253 2317; x_wconf 93' lang='lat' dir='ltr'>eis</span> <span class='ocrx_word' id='word_1_281' title='bbox 1277 2255 1416 2318; x_wconf 92' lang='lat' dir='ltr'>domine</span> 
     </span>
     <span class='ocr_line' id='line_1_57' title="bbox 805 2341 1414 2406; baseline 0.003 -4"><span class='ocrx_word' id='word_1_282' title='bbox 805 2341 967 2403; x_wconf 88' lang='lat' dir='ltr'>auxilium</span> <span class='ocrx_word' id='word_1_283' title='bbox 1006 2341 1048 2403; x_wconf 90' lang='lat' dir='ltr'>de</span> <span class='ocrx_word' id='word_1_284' title='bbox 1086 2349 1210 2404; x_wconf 90' lang='lat' dir='ltr'>sancto.</span> <span class='ocrx_word' id='word_1_285' title='bbox 1279 2342 1326 2404; x_wconf 90' lang='lat' dir='ltr'>Et</span> <span class='ocrx_word' id='word_1_286' title='bbox 1364 2343 1414 2406; x_wconf 91' lang='lat' dir='ltr'>de.</span> 
     </span>
     <span class='ocr_line' id='line_1_58' title="bbox 806 2428 1414 2511; baseline -0.002 -20"><span class='ocrx_word' id='word_1_287' title='bbox 806 2428 1008 2491; x_wconf 90' lang='lat' dir='ltr'>Conuertere</span> <span class='ocrx_word' id='word_1_288' title='bbox 1049 2428 1184 2490; x_wconf 91' lang='lat' dir='ltr'>domine</span> <span class='ocrx_word' id='word_1_289' title='bbox 1231 2447 1414 2511; x_wconf 90' lang='lat' dir='ltr'>usquequo.</span> 
     </span>
     <span class='ocr_line' id='line_1_59' title="bbox 805 2514 1415 2579; baseline 0.003 -3"><span class='ocrx_word' id='word_1_290' title='bbox 805 2514 851 2577; x_wconf 91' lang='lat' dir='ltr'>Et</span> <span class='ocrx_word' id='word_1_291' title='bbox 884 2515 934 2577; x_wconf 89' lang='lat' dir='ltr'>de.</span> <span class='ocrx_word' id='word_1_292' title='bbox 995 2514 1141 2577; x_wconf 91' lang='lat' dir='ltr'>Domine</span> <span class='ocrx_word' id='word_1_293' title='bbox 1179 2516 1305 2578; x_wconf 87' lang='lat' dir='ltr'>exaudi</span> <span class='ocrx_word' id='word_1_294' title='bbox 1343 2536 1415 2579; x_wconf 89' lang='lat' dir='ltr'>ora-</span> 
     </span>
     <span class='ocr_line' id='line_1_60' title="bbox 804 2602 1415 2666; baseline 0.002 -3"><span class='ocrx_word' id='word_1_295' title='bbox 804 2603 930 2664; x_wconf 91' lang='lat' dir='ltr'>tionem</span> <span class='ocrx_word' id='word_1_296' title='bbox 948 2622 1066 2665; x_wconf 90' lang='lat' dir='ltr'>meam.</span> <span class='ocrx_word' id='word_1_297' title='bbox 1112 2602 1280 2664; x_wconf 92' lang='lat' dir='ltr'>Dominus</span> <span class='ocrx_word' id='word_1_298' title='bbox 1303 2603 1415 2666; x_wconf 92' lang='lat' dir='ltr'>uobis-</span> 
     </span>
    </p>
   </div>
   <div class='ocr_carea' id='block_1_9' title="bbox 803 2689 1418 2840">
    <p class='ocr_par' dir='ltr' id='par_1_10' title="bbox 803 2689 1418 2840">
     <span class='ocr_line' id='line_1_61' title="bbox 804 2689 1418 2752; baseline 0.002 -2"><span class='ocrx_word' id='word_1_299' title='bbox 804 2708 888 2750; x_wconf 92' lang='lat' dir='ltr'>cum.</span> <span class='ocrx_word' id='word_1_300' title='bbox 966 2689 1063 2750; x_wconf 89' lang='lat' dir='ltr'>Hanc</span> <span class='ocrx_word' id='word_1_301' title='bbox 1105 2690 1282 2751; x_wconf 74' lang='lat' dir='ltr'>orationem</span> <span class='ocrx_word' id='word_1_302' title='bbox 1328 2689 1418 2752; x_wconf 85' lang='lat' dir='ltr'>dicat</span> 
     </span>
     <span class='ocr_line' id='line_1_62' title="bbox 803 2774 1066 2840; baseline 0.008 -2"><span class='ocrx_word' id='word_1_303' title='bbox 803 2774 916 2838; x_wconf 81' lang='lat' dir='ltr'>Abbas</span> <span class='ocrx_word' id='word_1_304' title='bbox 930 2775 1066 2840; x_wconf 75' lang='lat' dir='ltr'>tacendo.</span> 
     </span>
    </p>
   </div>
   <div class='ocr_carea' id='block_1_10' title="bbox 1036 2936 1180 3001">
    <p class='ocr_par' dir='ltr' id='par_1_11' title="bbox 1036 2936 1180 3001">
     <span class='ocr_line' id='line_1_63' title="bbox 1036 2936 1180 3001; baseline -0.021 0"><span class='ocrx_word' id='word_1_305' title='bbox 1036 2936 1180 3001; x_wconf 87' lang='lat' dir='ltr'>Oremns.</span> 
     </span>
    </p>
   </div>
   <div class='ocr_carea' id='block_1_11' title="bbox 805 3049 1421 4606">
    <p class='ocr_par' dir='ltr' id='par_1_12' title="bbox 882 3049 1416 3132">
     <span class='ocr_line' id='line_1_64' title="bbox 882 3049 1416 3132; baseline -0.002 -18"><span class='ocrx_word' id='word_1_306' title='bbox 882 3049 1005 3114; x_wconf 90' lang='lat' dir='ltr'>Omine</span> <span class='ocrx_word' id='word_1_307' title='bbox 1058 3050 1140 3112; x_wconf 90' lang='lat' dir='ltr'>deus</span> <span class='ocrx_word' id='word_1_308' title='bbox 1200 3051 1416 3132; x_wconf 88' lang='lat' dir='ltr'>omnipotens</span> 
     </span>
    </p>

    <p class='ocr_par' dir='ltr' id='par_1_13' title="bbox 805 3136 1421 4606">
     <span class='ocr_line' id='line_1_65' title="bbox 896 3136 1415 3219; baseline 0.002 -20"><span class='ocrx_word' id='word_1_309' title='bbox 896 3137 1063 3219; x_wconf 91' lang='lat' dir='ltr'>propicius</span> <span class='ocrx_word' id='word_1_310' title='bbox 1093 3146 1164 3198; x_wconf 91' lang='lat' dir='ltr'>esto</span> <span class='ocrx_word' id='word_1_311' title='bbox 1191 3136 1271 3199; x_wconf 95' lang='lat' dir='ltr'>mihi</span> <span class='ocrx_word' id='word_1_312' title='bbox 1297 3157 1415 3219; x_wconf 90' lang='lat' dir='ltr'>pecca-</span> 
     </span>
     <span class='ocr_line' id='line_1_66' title="bbox 808 3219 1414 3306; baseline 0.002 -20"><span class='ocrx_word' id='word_1_313' title='bbox 808 3224 879 3286; x_wconf 91' lang='lat' dir='ltr'>tori.</span> <span class='ocrx_word' id='word_1_314' title='bbox 893 3234 929 3286; x_wconf 94' lang='lat' dir='ltr'>ut</span> <span class='ocrx_word' id='word_1_315' title='bbox 946 3224 1111 3305; x_wconf 87' lang='lat' dir='ltr'>condigne</span> <span class='ocrx_word' id='word_1_316' title='bbox 1127 3221 1267 3306; x_wconf 73' lang='lat' dir='ltr'>posssim</span> <span class='ocrx_word' id='word_1_317' title='bbox 1281 3219 1328 3306; x_wconf 90' lang='lat' dir='ltr'>[p.</span> <span class='ocrx_word' id='word_1_318' title='bbox 1344 3224 1414 3303; x_wconf 88' lang='lat'><strong>136.</strong></span> 
     </span>
     <span class='ocr_line' id='line_1_67' title="bbox 808 3310 1415 3392; baseline 0.003 -20"><span class='ocrx_word' id='word_1_319' title='bbox 808 3310 868 3373; x_wconf 93' lang='lat' dir='ltr'>tibi</span> <span class='ocrx_word' id='word_1_320' title='bbox 922 3311 1047 3392; x_wconf 84' lang='lat' dir='ltr'>gratias</span> <span class='ocrx_word' id='word_1_321' title='bbox 1095 3330 1200 3392; x_wconf 89' lang='lat' dir='ltr'>agere.</span> <span class='ocrx_word' id='word_1_322' title='bbox 1248 3311 1305 3391; x_wconf 94' lang='lat' dir='ltr'>qui</span> <span class='ocrx_word' id='word_1_323' title='bbox 1359 3332 1415 3374; x_wconf 92' lang='lat' dir='ltr'>me</span> 
     </span>
     <span class='ocr_line' id='line_1_68' title="bbox 809 3397 1415 3479; baseline 0.003 -21"><span class='ocrx_word' id='word_1_324' title='bbox 809 3397 982 3478; x_wconf 89' lang='lat' dir='ltr'>indignum</span> <span class='ocrx_word' id='word_1_325' title='bbox 1010 3406 1145 3479; x_wconf 87' lang='lat' dir='ltr'>propter</span> <span class='ocrx_word' id='word_1_326' title='bbox 1171 3405 1263 3459; x_wconf 90' lang='lat' dir='ltr'>tuam</span> <span class='ocrx_word' id='word_1_327' title='bbox 1286 3398 1415 3460; x_wconf 90' lang='lat' dir='ltr'>miseri-</span> 
     </span>
     <span class='ocr_line' id='line_1_69' title="bbox 806 3483 1416 3547; baseline 0.002 -1"><span class='ocrx_word' id='word_1_328' title='bbox 806 3485 953 3547; x_wconf 87' lang='lat' dir='ltr'>cordiam</span> <span class='ocrx_word' id='word_1_329' title='bbox 971 3485 1157 3546; x_wconf 87' lang='lat' dir='ltr'>ministrum</span> <span class='ocrx_word' id='word_1_330' title='bbox 1179 3483 1284 3546; x_wconf 87' lang='lat' dir='ltr'>fecisti</span> <span class='ocrx_word' id='word_1_331' title='bbox 1308 3503 1416 3547; x_wconf 89' lang='lat' dir='ltr'>sacer-</span> 
     </span>
     <span class='ocr_line' id='line_1_70' title="bbox 807 3570 1414 3651; baseline 0 -17"><span class='ocrx_word' id='word_1_332' title='bbox 807 3570 928 3634; x_wconf 90' lang='lat' dir='ltr'>dotalis</span> <span class='ocrx_word' id='word_1_333' title='bbox 958 3571 1065 3633; x_wconf 89' lang='lat' dir='ltr'>officii.</span> <span class='ocrx_word' id='word_1_334' title='bbox 1096 3580 1130 3634; x_wconf 89' lang='lat' dir='ltr'>et</span> <span class='ocrx_word' id='word_1_335' title='bbox 1160 3590 1214 3632; x_wconf 92' lang='lat' dir='ltr'>me</span> <span class='ocrx_word' id='word_1_336' title='bbox 1251 3570 1414 3651; x_wconf 84' lang='lat' dir='ltr'>exiguum</span> 
     </span>
     <span class='ocr_line' id='line_1_71' title="bbox 807 3658 1418 3739; baseline 0.003 -20"><span class='ocrx_word' id='word_1_337' title='bbox 807 3658 1034 3739; x_wconf 91' lang='lat' dir='ltr'>humilemque</span> <span class='ocrx_word' id='word_1_338' title='bbox 1080 3658 1286 3720; x_wconf 89' lang='lat' dir='ltr'>sacerdotem</span> <span class='ocrx_word' id='word_1_339' title='bbox 1337 3678 1418 3721; x_wconf 93' lang='lat' dir='ltr'>con-</span> 
     </span>
     <span class='ocr_line' id='line_1_72' title="bbox 806 3744 1418 3808; baseline 0 -1"><span class='ocrx_word' id='word_1_340' title='bbox 806 3745 942 3807; x_wconf 89' lang='lat' dir='ltr'>stituisti</span> <span class='ocrx_word' id='word_1_341' title='bbox 966 3745 1183 3807; x_wconf 90' lang='lat' dir='ltr'>mediatorem</span> <span class='ocrx_word' id='word_1_342' title='bbox 1207 3744 1249 3806; x_wconf 93' lang='lat' dir='ltr'>ad</span> <span class='ocrx_word' id='word_1_343' title='bbox 1273 3744 1418 3808; x_wconf 90' lang='lat' dir='ltr'>adoran-</span> 
     </span>
     <span class='ocr_line' id='line_1_73' title="bbox 806 3830 1417 3895; baseline 0 0"><span class='ocrx_word' id='word_1_344' title='bbox 806 3832 886 3895; x_wconf 94' lang='lat' dir='ltr'>dum</span> <span class='ocrx_word' id='word_1_345' title='bbox 903 3840 937 3894; x_wconf 89' lang='lat' dir='ltr'>et</span> <span class='ocrx_word' id='word_1_346' title='bbox 953 3832 1223 3894; x_wconf 90' lang='lat' dir='ltr'>intercedendum</span> <span class='ocrx_word' id='word_1_347' title='bbox 1238 3830 1417 3895; x_wconf 92' lang='lat' dir='ltr'>dominum</span> 
     </span>
     <span class='ocr_line' id='line_1_74' title="bbox 806 3917 1418 3999; baseline 0.005 -20"><span class='ocrx_word' id='word_1_348' title='bbox 806 3927 957 3981; x_wconf 91' lang='lat' dir='ltr'>nostrum</span> <span class='ocrx_word' id='word_1_349' title='bbox 996 3917 1124 3979; x_wconf 91' lang='lat' dir='ltr'>ihesum</span> <span class='ocrx_word' id='word_1_350' title='bbox 1163 3917 1322 3980; x_wconf 90' lang='lat' dir='ltr'>christum</span> <span class='ocrx_word' id='word_1_351' title='bbox 1353 3938 1418 3999; x_wconf 88' lang='lat' dir='ltr'>pro</span> 
     </span>
     <span class='ocr_line' id='line_1_75' title="bbox 807 4004 1417 4086; baseline 0.003 -20"><span class='ocrx_word' id='word_1_352' title='bbox 807 4005 1035 4086; x_wconf 90' lang='lat' dir='ltr'>peccatoribus</span> <span class='ocrx_word' id='word_1_353' title='bbox 1065 4013 1099 4067; x_wconf 92' lang='lat' dir='ltr'>et</span> <span class='ocrx_word' id='word_1_354' title='bbox 1125 4004 1167 4067; x_wconf 94' lang='lat' dir='ltr'>ad</span> <span class='ocrx_word' id='word_1_355' title='bbox 1192 4004 1417 4085; x_wconf 88' lang='lat' dir='ltr'>penitentiam</span> 
     </span>
     <span class='ocr_line' id='line_1_76' title="bbox 806 4090 1419 4172; baseline 0.005 -19"><span class='ocrx_word' id='word_1_356' title='bbox 806 4092 1054 4154; x_wconf 90' lang='lat' dir='ltr'>reuertentibus.</span> <span class='ocrx_word' id='word_1_357' title='bbox 1091 4090 1238 4172; x_wconf 94' lang='lat' dir='ltr'>Ideoque</span> <span class='ocrx_word' id='word_1_358' title='bbox 1260 4091 1419 4156; x_wconf 87' lang='lat' dir='ltr'>domina-</span> 
     </span>
     <span class='ocr_line' id='line_1_77' title="bbox 806 4176 1419 4259; baseline 0.002 -18"><span class='ocrx_word' id='word_1_359' title='bbox 806 4188 858 4242; x_wconf 92' lang='lat' dir='ltr'>tor</span> <span class='ocrx_word' id='word_1_360' title='bbox 882 4179 1017 4241; x_wconf 92' lang='lat' dir='ltr'>domine</span> <span class='ocrx_word' id='word_1_361' title='bbox 1042 4179 1100 4259; x_wconf 94' lang='lat' dir='ltr'>qui</span> <span class='ocrx_word' id='word_1_362' title='bbox 1122 4197 1239 4241; x_wconf 92' lang='lat' dir='ltr'>omnes</span> <span class='ocrx_word' id='word_1_363' title='bbox 1261 4176 1419 4242; x_wconf 87' lang='lat' dir='ltr'>homines</span> 
     </span>
     <span class='ocr_line' id='line_1_78' title="bbox 805 4263 1419 4345; baseline 0.002 -17"><span class='ocrx_word' id='word_1_364' title='bbox 805 4266 856 4329; x_wconf 91' lang='lat' dir='ltr'>uis</span> <span class='ocrx_word' id='word_1_365' title='bbox 880 4266 990 4328; x_wconf 90' lang='lat' dir='ltr'>saluos</span> <span class='ocrx_word' id='word_1_366' title='bbox 1015 4263 1104 4327; x_wconf 89' lang='lat' dir='ltr'>fieri:</span> <span class='ocrx_word' id='word_1_367' title='bbox 1136 4273 1169 4327; x_wconf 93' lang='lat' dir='ltr'>et</span> <span class='ocrx_word' id='word_1_368' title='bbox 1191 4263 1247 4345; x_wconf 96' lang='lat' dir='ltr'>qui</span> <span class='ocrx_word' id='word_1_369' title='bbox 1271 4283 1339 4327; x_wconf 94' lang='lat' dir='ltr'>non</span> <span class='ocrx_word' id='word_1_370' title='bbox 1364 4267 1419 4329; x_wconf 92' lang='lat' dir='ltr'>uis</span> 
     </span>
     <span class='ocr_line' id='line_1_79' title="bbox 808 4351 1420 4435; baseline 0 -20"><span class='ocrx_word' id='word_1_371' title='bbox 808 4361 949 4415; x_wconf 88' lang='lat' dir='ltr'>mortem</span> <span class='ocrx_word' id='word_1_372' title='bbox 966 4361 1178 4435; x_wconf 93' lang='lat' dir='ltr'>peccatorum</span> <span class='ocrx_word' id='word_1_373' title='bbox 1194 4351 1251 4413; x_wconf 89' lang='lat' dir='ltr'>sed</span> <span class='ocrx_word' id='word_1_374' title='bbox 1275 4359 1313 4413; x_wconf 92' lang='lat' dir='ltr'>ut</span> <span class='ocrx_word' id='word_1_375' title='bbox 1337 4373 1420 4415; x_wconf 92' lang='lat' dir='ltr'>con·</span> 
     </span>
     <span class='ocr_line' id='line_1_80' title="bbox 807 4437 1418 4519; baseline 0.002 -17"><span class='ocrx_word' id='word_1_376' title='bbox 807 4447 978 4502; x_wconf 91' lang='lat' dir='ltr'>uertantur</span> <span class='ocrx_word' id='word_1_377' title='bbox 1000 4447 1034 4501; x_wconf 89' lang='lat' dir='ltr'>et</span> <span class='ocrx_word' id='word_1_378' title='bbox 1049 4439 1165 4501; x_wconf 89' lang='lat' dir='ltr'>uiuant</span> <span class='ocrx_word' id='word_1_379' title='bbox 1187 4437 1318 4519; x_wconf 89' lang='lat' dir='ltr'>suscipe</span> <span class='ocrx_word' id='word_1_380' title='bbox 1341 4460 1418 4503; x_wconf 86' lang='lat' dir='ltr'>ora-</span> 
     </span>
     <span class='ocr_line' id='line_1_81' title="bbox 806 4523 1421 4606; baseline 0.003 -17"><span class='ocrx_word' id='word_1_381' title='bbox 806 4526 932 4589; x_wconf 91' lang='lat' dir='ltr'>tionem</span> <span class='ocrx_word' id='word_1_382' title='bbox 950 4546 1059 4588; x_wconf 93' lang='lat' dir='ltr'>meam</span> <span class='ocrx_word' id='word_1_383' title='bbox 1082 4544 1183 4606; x_wconf 90' lang='lat' dir='ltr'>quam</span> <span class='ocrx_word' id='word_1_384' title='bbox 1207 4523 1312 4588; x_wconf 86' lang='lat' dir='ltr'>fundo</span> <span class='ocrx_word' id='word_1_385' title='bbox 1335 4538 1421 4592; x_wconf 88' lang='lat' dir='ltr'>ante</span> 
     </span>
    </p>
   </div>
   <div class='ocr_carea' id='block_1_12' title="bbox 0 0 1554 5092">
    <p class='ocr_par' dir='ltr' id='par_1_14' title="bbox 0 0 1554 5092">
     <span class='ocr_line' id='line_1_82' title="bbox 0 0 1554 5092; baseline 0 0"><span class='ocrx_word' id='word_1_386' title='bbox 0 0 1554 5092; x_wconf 95' lang='lat' dir='ltr'> </span> 
     </span>
    </p>
   </div>
  </div>
 </body>
</html>
