969 1417
319 166 477 180 BENEDICTJGNES
483 166 508 178 DI
508 165 586 179 UERSAE.

281 200 304 217 49

256 224 328 240 firmus.

145 249 214 281 DEus
225 250 253 270 qui
266 251 287 266 ad
300 250 353 266 uitam
365 250 412 266 dunis
424 252 441 266 et

184 271 286 287 confidentes
302 272 318 287 in
335 273 353 287 te
371 273 441 292 paterna

141 293 244 313 protectione
257 294 335 309 custodis.
350 298 441 314 quesumus

141 316 160 330 ut
171 315 243 335 presenti
255 315 317 331 famulo
329 317 359 331 tuo
371 320 381 331 a
393 315 441 331 nobis

141 337 232 357 egredienti
260 337 354 358 angelicum
377 337 441 352 tribuas

141 358 250 374 comitatum:
275 361 294 374 ut
317 359 352 374 eius
377 358 441 374 auxilio

141 381 230 400 protectus.
242 380 303 396 nullius
316 380 364 401 [mali
378 380 399 401 [p.
415 381 439 400 87.

141 402 390 418 concutiatur-formiisinenullo
395 407 440 417 com<

141 423 222 443 primatur
226 424 331 439 aduersitatis
337 428 399 444 angore
404 424 440 439 nul-

141 444 160 460 lis
176 445 252 461 irruentis
266 445 327 461 inimici
343 445 441 461 molestetur

140 466 208 482 insidiis.
222 467 250 483 sed
263 467 308 487 pacis
321 466 440 486 necessarium†

140 488 203 504 itineris
211 494 290 509 prospero
302 494 359 509 gressu
372 491 440 509 peracto

140 510 243 530 propriisque
257 510 297 526 locis
305 511 395 526 restitutus.
403 510 439 526 uni>

140 536 196 547 uersos
202 532 270 552 recipiat
275 532 349 553 sospites.
352 531 439 547 acdebitas

139 553 217 569 exsoluat
222 556 251 569 tuo
256 554 319 569 nomini
324 554 392 574 gracias.
405 554 439 570 Per.

255 585 326 602 Orcmus.

144 610 213 642 DEus
239 611 268 631 qui
291 610 399 631 diligentibus
421 613 439 626 te

183 632 312 648 misericordiam
320 635 367 648 tuam
372 637 438 653 semper

140 654 222 674 impendis
234 656 251 669 et
262 659 272 669 a
285 654 395 670 seruientibus
407 654 438 670 tibi

139 675 155 690 in
168 675 213 691 nulla
225 680 243 691 es
255 675 281 694 ini*
294 676 361 696 regione
373 676 438 696 longin-

139 702 186 717 quus.
196 697 249 717 dirige
261 697 305 713 uiam
318 697 366 713 huius
380 697 437 713 famuli

139 719 163 734 tui
177 719 193 734 in
205 719 291 734 uoiuntate
303 721 336 735 tua.
344 721 362 735 ut
374 721 391 735 te
400 724 438 739 pro-

139 743 201 756 tectore
213 743 230 756 te
242 741 317 761 perduce.
330 746 359 761 per
374 741 438 756 iusticie

139 762 207 777 semitas
215 762 250 778 sine
262 762 354 778 ofsensione
362 763 439 783 gradian-

139 783 180 802 tur.†
189 784 224 799 Per.

254 805 326 822 Oremus.

177 830 212 846 Eus
224 830 287 846 infinite
299 830 410 846 misericordie
421 833 438 846 et

182 852 273 867 maiestatis
288 852 369 868 immense
387 857 437 873 quem

139 878 169 889 nec
186 874 240 894 spatia
256 873 329 889 locorum
343 879 373 889 ne:
388 874 438 890 inter-

139 895 183 911 uana
190 894 292 916 temlporum
304 895 325 911 ab
337 895 369 911 hiis
381 895 403 916 [p.
412 896 436 911 88.

138 921 180 937 quos
190 917 241 933 tueris
253 917 364 938 adiungunt†:
378 918 437 933 adesto

139 938 201 954 famulo
217 941 246 954 tuo
261 939 277 954 in
291 941 308 954 te
323 939 385 959 ubique
398 944 437 955 con-

139 960 200 976 fidenti.
220 963 236 976 et
255 966 284 981 per
301 966 368 976 omnem
386 966 436 981 quam

138 982 190 997 iturus
198 984 224 997 est
234 982 277 998 uiam
286 982 322 998 dux
330 983 344 998 ei
356 985 373 998 et
381 988 436 998 comes

138 1008 174 1019 esse
189 1004 268 1024 dignare:
283 1004 333 1019 nichil
345 1004 368 1020 illi
379 1005 436 1020 aduer-

137 1025 191 1041 sitatis
203 1028 266 1041 noceat.
274 1026 324 1041 nichil
336 1025 437 1042 difficultatis

137 1047 218 1063 obsistat:
246 1049 306 1063 cuncta
327 1047 342 1063 ei
365 1047 437 1064 salubria

138 1071 198 1084 cuncta
206 1069 239 1084 sint
247 1074 329 1089 prospera*
337 1071 354 1085 et
362 1069 393 1085 sub
404 1075 436 1090 ope

138 1091 208 1106 dextere
235 1093 263 1106 tue
290 1091 368 1111 quicquid
392 1091 436 1107 iusto

139 1112 207 1132 pecierit
222 1112 313 1128 desiderio:
333 1112 381 1128 celeri
397 1118 436 1128 con-

137 1136 217 1154 sequatur
224 1133 288 1149 effectu.
297 1134 331 1150 Per.
347 1134 436 1150 Benedictio

137 1158 185 1176 super
191 1161 252 1171 crucem
263 1156 396 1171 uestimentitius
407 1156 437 1176 qui

137 1177 244 1193 ierosolimam
272 1178 375 1198 profecturus
408 1180 434 1193 est.

138 1199 221 1215 Dominus
229 1199 320 1215 uobiscum.

607 198 628 215 50

579 225 652 242 eremus.

469 251 538 283 DEus
560 250 622 266 inuicte
645 249 720 271 potentie
747 251 765 264 et

507 272 574 293 pietatis
603 272 689 288 immense.
713 273 764 291 atque

465 294 606 315 peregrinantium
620 294 673 309 tocius
689 292 765 309 consola-

465 316 516 332 tionis
523 315 610 332 auxilium.
617 315 646 336 qui
653 315 720 331 famulis
731 314 765 330 tuis

466 338 540 353 uictricia
562 342 609 353 arma
631 337 701 353 tribuis:
724 341 764 356 que-

466 364 524 375 sumus
548 359 592 375 hano
614 363 680 375 crucem
703 358 764 374 deuote

465 381 565 397 humilitatis
579 380 685 402 benesdicere
699 379 722 401 [p.
733 379 763 400 894ι

466 403 548 423 digneris:
567 405 585 418 ut
600 402 694 418 uenerande
711 401 764 417 crucis

465 424 546 440 uexillum
554 424 600 440 cuius
608 424 632 440 eis
640 426 665 439 est
676 423 764 443 designata

465 446 527 466 figura:
543 446 564 462 sit
576 445 703 461 inuictissimum
714 444 764 460 robur

465 473 549 483 seruorum
562 470 629 483 tuorum
642 469 700 483 contra
711 466 764 482 hostis

465 490 528 510 antiqui
562 489 664 505 ualidissima
692 490 764 508 tempta-

465 513 525 527 menta.
540 511 562 527 sit
577 511 593 526 in
609 511 637 526 uia
653 510 731 526 defensio,
747 509 763 525 in

464 533 516 549 domo
543 533 628 553 protectio.
658 532 680 548 sit
702 531 763 551 ubique

464 555 559 575 presidium.
582 554 617 570 Per.
642 553 682 570 Cum
704 555 763 569 uestem

464 576 527 592 dederit
534 576 561 592 uel
566 581 627 592 crucem
634 575 679 591 dicat
687 575 764 591 sacerdos.

465 607 552 639 ACcipe
574 607 692 622 uestimentum
716 611 764 622 cruce

506 629 593 645 saluatoris
601 629 685 649 sig-natum
693 634 696 644 :
708 630 726 644 ut
734 633 764 648 per

464 651 504 666 illud
518 651 566 666 salus,
578 650 676 666 benedictio.
686 652 703 665 et
711 650 763 665 uirtus

464 677 542 693 prospere
550 672 665 693 proficiscendi
677 672 698 687 ad
707 671 761 692 sepul-

464 699 510 710 crum
523 694 574 714 ipsius
587 694 616 709 tibi
628 694 720 709 comitetur.
729 693 762 714 Qui

464 721 501 731 cun-1
521 718 568 736 patre
586 718 603 731 et
622 715 680 736 spiritu
699 717 763 730 sancto.

466 737 497 754 Ucl
507 738 555 753 aliter
565 742 601 753 cum
613 736 695 758 cruce[m¹]
706 737 762 757 impos-

463 759 509 775 uerit.

465 791 552 823 ACcipe
578 791 643 812 signum
668 790 762 806 inuincibile

504 818 569 829 crucem
590 812 678 828 saluatoris
696 812 724 828 tui.
745 812 762 827 in

463 835 510 850 cuius
518 835 579 851 uirtute
590 834 693 855 triumphato
704 834 764 849 mortis

463 859 541 872 auctore:
572 857 624 872 uitam
656 856 762 876 consequaris

463 880 537 894 eternam
553 883 606 894 amen.
619 877 689 899 (Deinde
701 877 724 898 [p.
736 881 761 898 90.

462 900 547 921 adiungat.

466 926 517 958 PEr
525 926 567 941 hanc
579 928 680 941 armaturam
689 925 761 945 accipias

497 948 629 963 benedictionem
652 952 662 963 a
683 947 761 963 domino:

462 971 479 985 et
491 969 620 985 misericordiam
632 974 642 984 a
649 969 681 984 deo
692 969 761 984 salutari

462 993 495 1007 tuo.
514 991 547 1012 Qui
567 996 604 1006 cum
625 993 675 1011 patre.
697 990 762 1006 Deinde

461 1013 538 1028 dicantur
544 1013 627 1029 arationes.

463 1041 597 1073 OMnipotens
608 1040 708 1061 sempiterne
720 1040 762 1056 deus

503 1063 531 1083 qui
537 1067 555 1078 es
562 1062 590 1078 uia
597 1062 662 1078 ueritas.
681 1062 705 1077 Et
711 1064 762 1077 cetera

461 1089 490 1104 que
497 1086 589 1104 sequuntur.

500 1118 517 1135 ΙΙ
529 1116 619 1132 Benedictio
626 1116 666 1131 naui
668 1115 722 1136 panis.

465 1141 557 1173 BEnedic
567 1142 583 1159 ιιι
592 1141 660 1156 domine
667 1143 760 1156 creaturam

497 1163 545 1178 istam
554 1162 602 1183 panis
609 1162 652 1178 sicut
659 1162 761 1178 benedixisti

547 1187 554 1211 ,·
561 1187 673 1217 Μ
