969 1417
343 166 394 179 nimo
402 166 569 179 DESPONsATmNJS.

280 199 300 215 41

140 223 190 238 adarn
198 226 215 239 et
223 228 271 239 enam
283 228 313 239 sua
321 223 383 239 uirtute
391 228 441 244 copu-

141 245 190 260 lauit:
213 245 249 265 ipse
267 245 318 261 eorda
337 247 353 261 et
372 250 442 266 corpora

140 269 195 282 uestra
208 266 303 283 sanctificet.
320 269 337 283 et
349 267 441 283 benedicat.

140 290 190 308 atque
198 288 214 304 in
223 289 306 304 societate.
315 291 332 304 et
338 293 395 304 amore
403 294 442 304 uere

140 310 233 326 dilectionis
239 310 334 331 coniungat.
354 310 385 326 Per
390 310 441 326 chris-

140 334 180 347 lum.

242 364 338 380 Benedictio.

173 388 254 405 Enedicat
268 394 298 404 uos
310 389 388 405 dominus
395 389 441 405 omni

178 410 299 427 benedictione.
306 410 401 431 efficiatque
411 416 442 426 uos

140 432 200 452 dignos
209 433 225 448 in
233 434 323 453 conspectu
331 431 373 454 [suu.
380 432 403 453 [p.
409 432 441 452 73.Ι

140 454 275 474 superhabundet
283 454 299 469 in
313 454 361 469 uobis
374 454 441 470 diuitias

140 475 192 495 glorie
203 481 232 491 sue
244 478 260 491 et
272 476 337 491 erudiat
347 481 377 491 uos
389 476 441 491 uerbo

140 497 214 513 ueritatis
221 502 224 511 :
237 500 255 513 ut
260 497 275 513 ei
282 502 350 518 corpore
358 498 420 518 pariter
424 500 441 513 et

140 521 196 534 mente
203 519 269 539 placere
274 519 347 535 ualeatis.
369 519 411 534 Post
415 519 443 535 hec

139 542 235 556 statuantur
241 546 262 556 tx
267 543 316 561 parte
326 541 384 556 dextra
393 540 440 556 chori.

140 562 207 577 muliare
210 562 259 578 etiam
264 565 327 578 statuta
332 562 441 578 addateram

140 583 178 599 uiri,
186 584 210 599 Et
217 584 306 604 incipiatur
317 584 367 600 missa
379 584 399 599 da
410 584 440 600 tri-

140 605 191 621 nitate
194 606 259 625 festiue.
267 605 341 626 Officium
350 606 441 621 Benedicta

140 627 161 642 sit
169 630 226 643 sancta
234 627 303 643 trinitas,
311 633 346 643 cum
358 627 415 643 Gloria
423 628 439 643 in

139 649 215 664 excelsis.
237 649 297 665 Postea
320 649 397 665 dicantur
413 649 441 665 lue

139 670 199 686 collecte
205 671 235 686 sub
243 676 274 686 uno
282 676 311 691 per
319 671 411 687 dominum.

256 705 328 721 aremus.

141 733 275 765 OMnipotens
287 733 388 753 sempiterne
400 734 441 749 deus

184 755 212 775 qui
228 755 289 770 dedisti
304 755 370 770 famulis
382 755 414 770 tuis
425 755 441 770 in

140 776 245 792 confessione
265 781 304 792 uere
327 776 366 792 fidei
385 779 442 792 eteme

140 798 218 813 trinitatis
230 798 300 818 gloriam
316 803 410 818 agnoscere.
425 800 442 814 et

141 820 156 835 in
173 820 249 840 potentia
264 820 356 835 maiestatis
372 820 442 835 adorare

140 842 231 857 unitatem:
254 846 344 862 quesumus
360 844 379 857 ut
398 842 441 857 eius-

140 863 178 879 dem
187 863 225 879 fidei
237 863 316 879 firmitate
327 863 349 879 ab
364 863 441 879 omnibus

140 890 206 904 semper
214 885 308 900 muniamur
316 885 395 901 aduersis.

143 925 231 957 EXaudi
251 931 281 941 nos
299 926 406 946 omnipotens
424 928 441 942 et

180 947 279 967 miserilcors
292 947 337 963 deus.
348 950 367 963 ut
379 947 401 968 [p.
415 951 440 968 74

139 969 184 989 quod
194 971 251 984 nostro
264 969 367 985 ministratur
382 969 440 985 offitio,

140 993 169 1006 tua
177 990 293 1006 benedictione
301 991 359 1011 pocius
371 991 439 1011 implea-

139 1015 169 1027 tur.
193 1012 224 1027 Per
232 1012 323 1028 dominum.

204 1046 259 1062 Lectio
265 1046 289 1062 ad
294 1046 384 1062 carinthius.

173 1072 243 1088 Ratres:
267 1072 339 1088 Nescitis
360 1073 439 1093 quoniam

176 1099 245 1114 corpora
253 1096 309 1110 uestra
317 1094 391 1110 membra
402 1097 440 1110 sunt

139 1115 195 1131 christi
203 1122 206 1131 z
224 1115 292 1131 Tollens
309 1121 350 1136 ergo
365 1116 440 1132 membra

139 1137 195 1153 christi
205 1137 273 1156 fatiens†
281 1137 356 1153 membra
366 1138 439 1153 meretri-

139 1159 162 1174 cis
169 1160 175 1174 ?
187 1159 241 1174 Absit.
253 1159 281 1175 An
288 1159 354 1175 nescitis
360 1160 439 1180 quoniam

140 1181 167 1200 qui
177 1181 246 1196 adheret
254 1181 339 1197 meretrici.
346 1186 397 1197 unum
406 1186 441 1197 cor·

220 1204 224 1212 =
234 1205 281 1218 rmum
286 1205 356 1222 gnthzring.

604 200 625 216 42

465 228 496 244 pus
503 221 585 239 efficitur?
596 226 644 239 erunt
652 224 696 239 enim
707 224 764 243 inquid

465 245 509 261 duo:
520 245 538 261 in
550 250 599 261 carne
613 250 650 261 una
662 245 695 266 Qui
707 247 764 261 autern

466 267 535 283 adheret
546 267 586 283 deo:
599 272 642 283 unus
653 267 721 288 spiritus
734 269 764 283 est

466 288 527 309 Fugite
551 289 682 304 fornicationem.
709 289 765 305 Omne

466 311 511 326 enim
537 313 624 331 peccatum
647 311 765 331 quodcumque

466 332 523 348 fecerit
530 332 591 348 homo:
604 335 653 348 extra
664 337 724 353 corpus
735 335 764 348 est.

466 353 500 374 Qui
508 356 564 370 autern
573 354 669 370 fornicatur:
680 354 696 370 in
705 359 765 374 eorpus

465 380 514 391 suurn
544 378 606 396 peccat.
637 376 665 391 An
698 376 765 392 nescitis

465 397 544 417 quoniam
564 403 633 418 corpora
653 399 708 413 uestra
723 400 765 413 tem-

465 419 512 439 plum
524 421 550 435 est
559 419 626 439 spiritus
638 419 691 435 sancti
703 419 731 439 qui
747 419 764 435 in

465 440 513 456 uobis
521 443 550 456 est.
558 446 608 461 quern
616 441 681 457 habetis
689 446 699 456 a
708 441 740 456 deo
748 443 765 457 et

465 467 498 478 non
514 463 554 478 estis
565 462 628 478 uestri?
647 463 705 483 Empti
719 463 765 481 enim

465 484 505 499 estis
511 484 567 504 precio
573 483 646 505 maglrlo.
651 484 705 500 Glori-
711 484 733 505 [p.
739 487 765 504 75.

465 505 514 521 ficate
524 508 541 521 et
552 508 618 526 portate
629 506 690 521 deul-n:
702 506 718 521 in
730 511 764 521 cor-

465 532 506 547 pore
519 529 578 543 uestro.
594 527 609 543 G
634 527 734 543 Benedictus
747 532 765 543 es

465 549 536 564 domine.
555 550 576 565 ff.
595 549 692 565 Benedicite
710 549 764 565 deum.

465 570 542 586 Alleluia.
570 571 590 586 V.
613 571 713 587 Benedictus
743 576 766 587 es.

465 592 558 613 Sequentia.
566 592 618 608 Alma
626 593 689 608 chorus.

519 628 612 644 Secundum
619 629 710 645 Matloeum.

486 659 502 674 N
514 659 542 674 illo
553 662 638 680 tempore:
652 659 765 675 Accesserunt

491 681 512 696 ad
526 681 590 697 ihesum
606 681 688 701 pharisei:
710 683 764 701 temp-

466 705 520 718 tantes
545 705 561 718 et
583 703 661 718 dicentes.
686 703 703 719 Si
727 702 765 718 licet

465 724 529 740 homini
541 725 625 740 dimittere
635 730 705 740 uxorem
717 729 765 740 suam

466 751 571 766 quacumque
582 751 604 762 ex
616 751 675 762 causat
688 746 721 767 Qui
732 751 765 761 res-

466 768 551 787 pendens:
562 768 586 783 ait
599 768 635 783 illis,
644 768 705 783 Nonne
717 767 765 787 legis-

466 789 496 804 tis:
508 789 548 809 quia
555 790 583 810 qui
595 789 634 805 fecit
644 794 673 805 eos
684 790 705 805 ab
718 789 765 805 initio

466 811 558 826 masculum
566 814 582 827 et
591 811 670 827 feminal-n
681 811 719 826 fecit
727 816 765 827 eos:

467 832 489 848 Et
501 833 548 848 dixit.
562 833 631 853 Propter
647 833 678 848 hoc
691 833 765 848 dimittet

465 854 517 870 horno
535 857 600 875 patrem
619 857 636 870 et
659 857 728 870 matrem
748 856 765 870 et

466 876 553 891 adherebit
568 876 616 892 uxori
630 881 669 892 sue:
687 878 703 892 et
716 878 765 892 erunt

465 898 499 913 duo
513 898 529 913 in
543 903 592 913 OErne
607 903 643 914 una.
657 898 716 918 Itaque
731 897 764 913 iarn

465 924 498 935 non
518 922 556 935 sunt
575 920 609 935 duo
627 920 656 935 sed
674 924 707 935 una
722 924 765 935 caro.

465 941 515 961 Quod
539 946 579 961 ergo
603 941 644 957 deus
665 942 764 957 coniun¹xit.

464 962 515 978 homo
534 968 567 978 non
586 965 656 983 separet.
681 963 737 979 Credo
748 963 764 978 irl

463 989 519 1000 unum.

486 1018 577 1039 Offercnda.
601 1018 702 1034 Benedictus
710 1018 736 1034 sit.

580 1045 648 1062 Secreta.

465 1070 573 1103 SAnctiflca
586 1075 677 1091 quesumus
697 1071 765 1087 domine

495 1092 536 1108 deus
548 1091 612 1113 (noster
626 1097 656 1112 per
668 1092 692 1108 tui
705 1093 727 1113 [p.
739 1093 764 1113 76.

464 1119 536 1129 nominis

464 1135 553 1151 oblationis
567 1135 643 1151 hostiam.
655 1137 673 1151 et
685 1141 714 1156 per
727 1141 764 1152 eam

464 1157 576 1177 nosmetipsos
588 1157 618 1173 tibi
631 1157 691 1177 perfice
704 1163 764 1174 munus

465 1181 544 1195 eternum.

498 1205 502 1213 ¹
511 1206 564 1219 Muslml
570 1209 605 1219 ma
610 1211 639 1219 ενα
645 1207 670 1219 ulls
675 1207 731 1223 syllable.

566 1114 689 1130 inuocationetn
715 1114 764 1130 huius
