3096 5092
415 316 470 365 AD
490 313 738 365 UISITANDUM
749 312 937 362 FRATREM
948 311 1162 363 INFIRMUM·

410 446 471 512 107

144 546 234 609 tibus
249 555 283 609 et
298 545 423 608 uiribus
439 544 598 627 receptis:
621 562 744 605 nomen

145 642 297 696 sanctum
328 642 423 694 tuum
458 633 641 693 instaurata
671 650 745 712 pro·

145 721 234 782 tinus
251 720 394 782 sanitate
410 718 593 781 benedicat.
640 718 723 780 Per.l

376 855 520 920 Oremus.

222 967 346 1030 Omine
375 976 490 1030 sancte
521 976 616 1048 pater
638 966 744 1027 omni-

230 1064 349 1137 potens
390 1064 502 1117 eterne
548 1054 637 1116 deus
687 1052 744 1133 qui

145 1140 358 1223 fragilitatem
396 1142 597 1204 conditionis
633 1149 747 1202 nostre

147 1228 256 1291 inlusa
289 1230 420 1291 uirtutis
459 1238 514 1291 tue
551 1228 745 1309 dignatione

147 1314 344 1379 confirmas:
368 1325 405 1379 ut
428 1315 626 1377 salutaribus
642 1333 746 1375 reme·

146 1402 209 1465 diis
229 1403 362 1484 pietatis
386 1411 443 1465 tue
469 1422 608 1484 corpora
632 1409 745 1462 nostra

145 1498 350 1571 uegetentur.
375 1510 474 1571 super
485 1489 572 1551 hunc
584 1487 744 1550 famulum

145 1585 240 1639 tuum
270 1574 488 1661 lpropiciatus
513 1578 561 1638 in·
599 1575 643 1657 [p.
675 1589 742 1651 193.

144 1665 265 1726 tende:
289 1674 325 1726 ut
341 1665 431 1726 omni
455 1664 653 1725 necessitate
675 1681 745 1722 cor-

144 1771 244 1832 poree
255 1750 456 1812 infirmitatis
466 1749 621 1811 exclusa:
638 1748 746 1830 gratia

145 1838 178 1899 in
202 1858 242 1899 eo
266 1837 403 1919 pristine
426 1837 578 1899 sanitatis
601 1835 745 1917 perfecte

146 1932 323 2005 reparetur.
369 1924 442 1985 Per1
459 1924 641 1986 dominum.

373 2058 517 2122 Orernus.

1075 429 1138 492 108

999 536 1199 623 [Oremus]1

870 651 996 713 Remus
1031 651 1217 714 dominum
1261 657 1395 712 nostrum

878 737 1004 800 ihesum
1042 737 1212 800 christum
1255 745 1292 799 et
1336 756 1396 798 cun

795 826 886 888 omni
901 825 1147 907 supplicatione
1164 843 1353 906 rogemus:
1370 831 1397 885 ut

794 912 882 974 hunc
913 910 1088 995 famulum¹
1112 908 1239 987 tuum†
1281 910 1325 973 N.
1353 929 1398 991 per

795 999 950 1081 angelum
988 1018 1085 1060 suum
1122 999 1274 1061 uisitare
1314 1007 1398 1079 atque

796 1086 983 1150 confortare
999 1085 1184 1166 dignetur.²

1023 1222 1171 1287 Oramus.

803 1334 1053 1464 PRopicietur
1083 1334 1252 1399 dominus
1281 1335 1399 1398 cunctis

867 1420 1097 1504 iniquitatibus
1130 1423 1211 1486 tuis
1245 1432 1285 1485 et
1315 1431 1400 1486 sanet

794 1529 912 1571 omnes
935 1509 1111 1590 languores
1134 1517 1224 1571 tuos,
1248 1510 1400 1572 redimat-

794 1616 859 1678 que
882 1596 925 1659 de
944 1596 1077 1658 interitu
1101 1596 1212 1658 uitam
1229 1606 1330 1659 tuam
1352 1595 1399 1678 qui

794 1683 884 1745 solus
909 1682 942 1745 in
969 1683 1117 1745 trinitate
1143 1682 1303 1764 perfecta
1326 1682 1399 1745 uiuit

795 1780 828 1832 et
845 1778 962 1852 regnat
978 1790 1036 1850 per
1051 1770 1166 1831 omnia
1179 1770 1300 1833 secula
1316 1789 1398 1832 secu·

795 1856 910 1919 lorum.
955 1855 1024 1918 Hic
1034 1855 1123 1918 duat
1131 1856 1301 1938 enfirmus.
1319 1857 1397 1921 Con·

795 1943 891 2006 fiteor
913 1952 944 2004 et
963 1952 1071 2005 cetera.
1116 1942 1166 2004 Et
1187 1943 1232 2006 ab
1254 1943 1399 2006 omnibus

795 2030 1025 2112 respondeatur
1067 2029 1273 2093 Misereatur
1305 2030 1397 2093 uestri

730 2166 735 2173 .
795 2126 828 2179 et
837 2128 946 2179 cetero.
975 2114 1238 2179 Absolutionem
1247 2112 1396 2179 etcetera.¹

207 2172 372 2235 Reueniat
437 2172 525 2234 hunc
582 2170 743 2234 famulum

215 2269 309 2321 tuum
370 2278 550 2340 quesumus
610 2259 745 2322 domine

146 2346 370 2408 misericordia
416 2356 493 2408 tua:
547 2355 584 2408 ut
628 2366 745 2407 omnes

145 2434 337 2514 iniquitates
350 2433 419 2495 eius
429 2432 526 2495 celeri
537 2430 745 2514 indulgentia

137 2520 327 2593 deleantur.
373 2520 455 2583 Ριῖι.2

373 2655 518 2720 Orenzus.

221 2768 327 2830 Desto
343 2768 478 2830 domine
497 2766 745 2848 supplicationi-

228 2855 290 2917 bus
316 2856 455 2917 nostris:
483 2875 525 2916 ne
552 2856 594 2916 sit
619 2854 745 2916 abhoc

146 2941 271 3004 famulo
287 2950 345 3004 tuo
357 2942 532 3004 clementie
543 2951 600 3003 tue
617 2941 745 3022 longin-

146 3050 213 3129 qua
244 3029 422 3090 miseratio.
489 3048 570 3089 sana
607 3027 745 3090 uulnera

146 3117 282 3196 eiusque
327 3114 423 3177 remit
410 3124 458 3177 tte
504 3124 659 3195 peccata:
708 3124 745 3177 ut

147 3202 281 3264 nullisa
304 3210 337 3262 te
361 3202 591 3282 iniquitatibus
614 3222 745 3283 separa-

147 3300 201 3352 tus
225 3289 285 3350 tibi
311 3288 448 3350 domino
478 3308 609 3370 semper
635 3289 746 3350 ualeat

148 3375 313 3439 adherere.
360 3375 443 3437 Per?

376 3509 519 3574 Orernns.

149 3626 417 3758 OMnipotens
442 3625 641 3706 sempiterne
664 3625 746 3688 deus

230 3713 287 3794 qui
319 3713 522 3794 egritudines
560 3712 743 3773 animarum

146 3909 246 3970 super
261 3887 427 3949 infirmum
444 3896 594 3948 nostrum
608 3896 659 3947 ost
647 3889 747 3948 teend

147 3978 320 4039 uirtutem:
336 3982 373 4036 ut
383 3971 463 4057 sope
479 3974 603 4035 miseri·
619 3972 663 4054 [p
679 3990 746 4051 194

146 4063 258 4126 cordie
295 4071 352 4124 tue
382 4061 522 4123 adiutus
561 4060 602 4121 ad
634 4080 747 4121 omma

148 4152 202 4232 pie
205 4151 281 4212 tatis
319 4158 376 4210 tue
417 4155 586 4227 reparetur
629 4146 745 4208 officia.

149 4238 232 4299 Per.2

144 4375 145 4378 ¹
182 4349 337 4399 ¹Christum
360 4347 490 4397 dominum
516 4346 599 4396 added
627 4347 661 4411 by
683 4347 746 4396 later

147 4417 334 4530 hapcidhtismm
346 4479 428 4527 added
440 4478 474 4541 by
485 4478 547 4527 later
558 4477 634 4527 hand.

795 2204 864 2265 nisi
884 2204 983 2267 abbas
1000 2215 1134 2285 presens
1149 2204 1275 2283 fuerit.
1338 2203 1400 2281 Qui

794 2291 880 2352 solus
928 2290 1035 2352 dicat-
1069 2288 1335 2353 Absolutionem
1370 2298 1398 2352 et

794 2387 895 2440 cetera
920 2377 954 2439 si
969 2388 1102 2459 presens
1125 2377 1177 2439 sit.
1224 2377 1277 2439 Et
1305 2377 1396 2439 scien-

793 2464 873 2526 dum
896 2463 983 2545 qnod
1000 2465 1033 2526 si
1053 2463 1208 2544 infirmus
1229 2464 1325 2545 loqui
1339 2484 1395 2525 non

794 2549 929 2635 spossit:
944 2551 1042 2633 prior
1060 2570 1115 2611 seu
1141 2550 1231 2612 alens
1254 2549 1302 2633 [p.
1333 2562 1394 2629 195.

794 2638 939 2700 sacerdos
953 2638 1041 2699 de'cat
1055 2635 1234 2700 Confiteor.
1242 2648 1309 2718 pro
1324 2657 1357 2699 eo
1369 2645 1397 2698 et

794 2725 983 2788 absoluatur
996 2733 1153 2804 utsupra.
1201 2722 1275 2801 Quo
1284 2725 1377 2803 facto
1386 2747 1397 2786 .·

794 2812 952 2874 osculetur
979 2811 1020 2874 ab
1049 2810 1203 2874 omnibus.
1235 2812 1350 2893 primo
1377 2831 1395 2871 a

794 2899 961 2962 reucstites.
1017 2897 1143 2960 Deinde
1172 2918 1194 2960 a
1219 2898 1397 2961 senioribus

795 3006 891 3067 usque
928 2985 976 3046 ud
995 2984 1216 3046 nouesszNJmnm
1258 2985 1395 3047 Interim

794 3073 949 3135 dicantur
960 3070 1014 3134 lzee
1029 3070 1154 3133 collecte

1030 3209 1174 3273 Oremus

804 3322 1082 3470 DOmine
1005 3322 1086 3384 deus
1102 3329 1215 3382 noster
1224 3340 1282 3402 qur
1274 3319 1395 3383 offen-

880 3429 972 3471 srone
1006 3417 1082 3471 nost
1084 3428 1120 3470 ra
1156 3426 1223 3468 non
1256 3407 1396 3469 uinceris

797 3497 854 3558 sed
892 3495 1117 3558 satisfactione
1152 3493 1317 3575 placaris:
1350 3514 1395 3556 re-

796 3584 886 3664 spice
896 3582 1125 3664 quesumusad
1138 3579 1395 3644 hunciamulum

797 3679 891 3732 tuum
919 3671 976 3750 qui
1003 3690 1038 3730 se
1062 3668 1122 3731 tibi
1149 3668 1298 3748 grauiter
1322 3687 1395 3749 pec-

146 3800 286 3882 depellis
309 3810 343 3862 et
367 3819 541 3879 corporum
558 3799 674 3860 auxilii
700 3800 747 3861 tui
796 3777 888 3857 ⁶9⁵ae
911 3755 1094 3819 confitetur·
1111 3763 1204 3817 tuum
1229 3763 1281 3817 est
1303 3753 1397 3817 ablu·

795 3852 920 3906 tionem
933 3843 1107 3904 criminum
1118 3843 1197 3904 dare
1213 3849 1246 3903 et
1263 3842 1398 3904 ueniam

796 3940 943 4011 prestare
966 3929 1187 4011 peccantibus.
1205 3948 1262 4009 qur
1254 3928 1398 3991 'dixisti

795 4017 1012 4098 penitentiam
1026 4026 1060 4079 te
1072 4015 1170 4078 malle
1183 4024 1399 4095 peccatorum

794 4123 895 4185 quam
913 4113 1064 4165 mortem.
1075 4103 1222 4164 concede
1237 4121 1321 4183 ergo
1335 4101 1401 4165 hoc

795 4191 994 4252 dominet
957 4199 994 4252 ut
1028 4189 1088 4252 tibi
1116 4189 1302 4271 penitentie
1340 4210 1401 4253 ex·

828 4341 835 4373 ¹
857 4345 961 4393 Orernus
972 4343 1058 4393 scored
1070 4341 1185 4405 through

828 4407 839 4440 2
855 4409 968 4474 qu1u1u1t
980 4415 1005 4457 et
1022 4415 1106 4472 regnat
1125 4423 1181 4455 cum
1199 4407 1250 4457 deo
1264 4409 1353 4461 added
1369 4412 1404 4477 by

794 4476 857 4526 later
867 4475 943 4523 hand.
979 4473 1048 4535 [MS.
1059 4472 1191 4538 originally
1202 4472 1259 4523 Per.
1263 4471 1277 4539 ]
