969 1417
330 171 372 184 FER.
382 172 396 185 V,
405 171 430 184 ΙΝ
436 171 498 185 ΕΟΕΝΑ
507 172 582 185 ΒΟΜΙΝΙ.

142 230 250 248 conspectum
265 228 353 244 clementie
367 231 396 244 tue
414 234 445 249 pro

141 249 208 265 famulis
216 251 233 265 et
240 250 334 266 famulabus
342 250 375 266 tuis
386 251 415 271 qui
423 251 444 266 ad

141 271 250 291 penitentiam
275 274 293 287 et
315 272 444 288 misericordiam

141 294 188 308 tuam
212 293 326 313 confugerunt.
361 294 393 309 Per
415 294 445 309 do-

141 314 205 330 minum
222 317 301 331 nostrum.
330 315 369 331 Hac
381 315 445 336 finita:

141 336 191 351 abbas
204 339 287 352 conuertas
300 342 317 352 se
331 337 355 352 ad
417 342 445 353 um

142 360 204 373 :reclusi
212 360 228 373 et
234 358 290 378 fatiat
296 358 410 374 absolutionem
418 358 446 374 lloc

142 379 187 395 modo
196 379 265 395 Oramus
271 380 336 400 legen&
343 380 378 396 alta
386 385 425 396 uoce,

143 413 223 445 lDEus
238 414 285 430 cuius
301 414 354 430 indul·
370 414 392 435 [p.
410 419 444 434 137.

194 436 251 456 gentia
262 436 317 451 cuncti
328 436 404 456 indigent
412 442 445 452 me-

143 459 200 473 mento
206 457 305 473 famulorum
311 458 444 478 famularumque

142 481 212 494 tuarum
228 481 245 494 et
259 479 287 499 qui
303 479 366 495 lubrica
384 480 444 495 terreni

142 501 215 521 corporis
227 503 266 516 sunt
277 500 366 521 fragilitate
381 501 444 517 nudati,

142 527 233 542 quesumus
242 523 264 538 da
275 523 341 538 ueniam
351 523 444 539 confitenti-

143 543 173 559 bus
181 549 231 564 parce
238 544 340 565 supplicibus
348 547 366 560 ut
374 545 402 565 qui
410 545 444 560 suis

143 566 205 581 meritis
213 568 320 582 accusantur:
335 569 365 582 tua
377 567 444 582 misera-

142 587 188 603 tione
195 587 285 603 saluentur.
309 588 349 603 Per,¹

257 622 305 638 Orem
307 627 329 637 us.

181 647 215 663 Eus
225 648 257 663 sub
270 648 316 663 cuius
329 648 381 664 oculis
393 653 444 664 omne

187 674 215 684 cor
223 670 299 689 trepidat.
307 675 399 690 omnesque
404 675 444 685 con-

143 690 211 706 scientie
235 693 331 711 pauescunt
351 691 443 712 propiciare

142 713 217 728 omnium
223 713 313 733 gemitibus
321 715 338 729 et
345 715 442 729 cunctorum

143 734 209 750 medere
235 734 334 750 uulneribus,
357 737 376 750 ut
400 735 443 750 sicut

142 760 192 771 nemo
219 758 294 772 nostrum
319 756 360 772 liber
383 759 409 772 est
433 762 443 772 a

142 777 191 798 culpa
207 778 230 793 ita
246 783 296 794 nemo
314 778 335 794 sit
354 778 417 793 alienus
433 783 443 793 a

142 799 201 814 uenia:
213 799 253 815 Per}

195 833 237 849 Alia
244 833 299 849 aratia.
321 833 393 849 Oremus,

181 859 215 874 Eus
223 859 292 874 humani
300 859 365 879 generis
373 859 443 880 benign-

188 881 243 896 issime
258 881 334 896 conditor
348 883 366 896 et
381 881 442 896 miseri-

142 902 238 918 cordissime
257 902 357 918 reformator.
377 902 405 923 qui
425 903 441 918 in

142 924 274 939 reconciliatione
291 924 375 944 lapsorum
390 924 441 940 etiam

142 950 169 961 me
180 946 208 966 qui
217 946 328 961 misericordia
339 948 368 962 tua
379 946 442 967 primus

142 967 209 987 indigeo
219 967 280 983 seruire
290 967 376 983 effectibus
389 968 442 988 gratie

142 991 170 1004 tue
190 994 218 1009 per
237 989 345 1010 sacerldotale
364 989 387 1010 [p.
408 990 441 1009 138.

143 1010 252 1026 ministerium
260 1010 331 1026 uoluisti.
340 1013 358 1026 ut
366 1013 442 1027 cessante

143 1032 202 1047 merito
210 1032 289 1052 supplicis
297 1032 387 1048 mirabilior
395 1032 441 1048 fieret

143 1053 352 1074 indulgentiaremittentis.
364 1054 441 1074 Deusqui

143 1075 207 1091 iusticie
218 1075 262 1095 leges
275 1076 386 1092 misericordie
398 1081 441 1091 sem-

143 1102 172 1117 per
191 1097 329 1117 multiplicatione
348 1098 442 1113 moderaris

142 1119 182 1134 dum
191 1119 325 1139 delinquentibus
333 1119 442 1139 penitentiam

142 1140 216 1156 adhibes.
229 1140 269 1156 dum
282 1140 333 1156 etiam
345 1141 393 1156 malis
405 1146 442 1161 pro-

143 1162 216 1178 uidenrie
225 1164 254 1178 tue
261 1162 306 1178 dona
314 1167 347 1178 non
359 1162 442 1178 subtrahis

142 1186 159 1200 et
167 1184 258 1199 uindictam
268 1184 362 1200 miserando
373 1189 442 1205 suspen-

174 1208 179 1218 ¹
187 1209 251 1222 Christum
257 1209 298 1222 added
304 1209 320 1226 by
326 1209 357 1222 later
363 1209 400 1222 hand.

470 229 500 245 dis.
523 229 570 245 Deus
578 229 606 250 qui
614 229 700 245 hominem
707 229 770 245 inuidia

470 250 533 267 diaboli
546 251 568 267 ab
581 251 669 267 eternitate
683 251 770 267 deiectum.

471 273 515 288 unici
523 272 552 288 filii
560 273 584 289 tui
593 273 674 294 sauguine
682 272 770 289 redemisti.

471 294 538 310 uiuifica
549 295 580 310 hos
593 294 664 310 famulos
671 297 713 310 tuos.
728 299 771 315 quos

471 316 502 331 tibi
510 316 604 332 nullatenus
610 317 652 332 mori
657 316 746 332 desideras.
753 318 770 331 et

470 343 513 358 quos
532 343 564 354 non
588 338 689 359 dereliquisti
712 338 770 353 deuios

470 364 537 375 assume
547 361 632 375 correctos.
655 360 725 376 Moueat
735 360 770 380 pie-

470 383 523 397 tatem
530 383 577 397 tuam
585 381 633 397 fletus
641 381 672 397 iste
682 386 770 397 merorum,

470 405 488 418 tu
499 408 556 419 eorum
569 403 636 419 medere
644 403 744 419 uulneribus,
752 405 770 419 tu

469 424 560 445 benignam
584 425 675 440 iacentibus
701 430 769 440 manum

469 447 536 467 porrige
543 451 564 462 ne
571 446 641 462 ecclesia
647 449 675 462 tua
683 446 704 462 ali
717 451 739 462 ua
745 446 770 462 sui

470 468 543 488 corporis
550 467 633 489 (portione
637 468 703 488 priuata
727 481 729 484 ,
735 472 740 483 1
745 472 769 488 39.

470 491 563 505 temereturi
576 495 597 505 ne
611 495 653 510 grex
668 492 706 505 tuus
720 490 770 505 deti-i-

470 513 545 527 mentum
557 511 642 527 sustineat
650 516 671 527 ne
679 512 700 527 de
708 511 770 527 familie

469 535 498 549 tue
510 533 584 554 dampno
592 533 668 549 inimicus
676 533 740 549 exultet
749 538 770 549 ne

470 557 536 570 renatas
548 555 617 570 lauacris
628 555 727 571 salutaribus
735 555 770 570 ani>

470 581 506 592 mas
525 582 569 592 murs
588 577 661 592 secunda
680 577 768 597 possideat.

470 598 508 614 Tibi
527 604 567 619 ergo
585 598 692 614 humiliamur
711 603 770 614 omnes

469 620 500 635 tibi
511 620 579 636 domine
590 620 673 640 supplices
684 620 769 636 fundimus

469 647 527 662 preces
538 642 568 657 tibi
580 642 637 657 fletum
651 642 703 657 nostri
715 642 769 657 cordis

469 663 558 679 offerimus,
566 666 584 679 tu
593 669 641 684 parce
651 663 769 679 confitentibus

469 687 488 701 ut
500 685 612 701 imminentes¹
623 690 674 706 penas
686 685 769 705 futurique

470 707 525 722 iudicii
537 707 639 722 sentenciam
651 709 668 722 te
680 707 769 722 miserante

469 734 502 744 non
524 729 601 744 incidant
625 728 699 744 nesciant
723 728 768 748 quod

469 752 519 765 terret
535 751 550 765 in
563 750 639 766 tenebris
653 750 698 770 quod
710 750 769 766 stridet

468 772 485 787 in
494 771 569 787 flammis.
577 775 594 787 et
602 772 624 787 ab
631 777 704 787 errorum
712 771 739 787 uia
747 772 769 787 ad

469 793 500 809 iter
513 794 577 809 iusticie
589 793 622 809 iam
636 793 695 809 reuersi
707 798 769 813 nequa>

468 820 519 835 quam
541 815 585 831 ultra
607 815 655 831 nouis
673 815 770 831 uulneribus

469 837 566 853 saucientur.
608 836 700 857 Propiciare
728 842 769 857 ergo

468 859 536 874 domine
548 859 657 874 trementibus
668 861 718 879 atque
730 864 769 879 sup-

468 880 569 901 plicantibus
587 881 619 896 sub
640 881 721 896 sententie
740 883 768 896 tue

468 903 590 922 expectatione.
598 904 615 917 et
623 902 644 918 ad
656 902 767 917 humilitatem

469 924 560 939 iacencium
584 924 704 939 subleuandam
726 924 768 939 dex-

468 948 521 961 teram
534 945 592 961 salutis
604 946 683 961 extende.
714 945 768 961 Nobis

467 972 533 987 quoque
544 967 595 982 seruis
604 967 637 982 tuis
645 972 686 987 quos
694 966 769 987 Japosto-

466 988 497 1004 lice
502 989 554 1004 clauis
559 989 699 1009 sacerdotalisque
704 988 727 1009 [p.
735 993 769 1008 140.

467 1010 517 1026 officii
533 1011 622 1026 ministros.
638 1015 671 1026 non
687 1010 768 1026 electione

468 1032 526 1048 meriti
532 1032 561 1047 sed
566 1032 611 1047 dono
616 1032 669 1052 gratie
674 1034 702 1047 tue
707 1032 769 1047 consti>

468 1054 520 1069 ruisti.
527 1054 549 1069 da
557 1053 635 1069 fiduciam
643 1053 685 1069 tanti
695 1054 768 1069 muneris

468 1076 567 1096 exequendi
588 1077 605 1091 et
624 1075 659 1095 ipse
678 1075 694 1090 in
710 1077 767 1091 nostro

469 1097 561 1113 ministerio
572 1097 617 1117 quod
626 1099 654 1112 tue
665 1097 687 1112 sit
695 1099 770 1117 potesta·

468 1119 490 1135 tis
503 1124 575 1139 operare.
599 1118 678 1139 Agnosce
694 1119 768 1139 piissime

468 1143 525 1161 pastor
534 1145 573 1156 oues
582 1143 610 1156 tue
619 1140 742 1161 redemptionis.
751 1142 768 1156 et

468 1162 565 1178 constrictas
581 1162 651 1177 uinculis
663 1165 768 1182 pecatorum

468 1184 536 1200 ecclesie
555 1186 583 1199 tue
599 1183 674 1204 precib-e
689 1183 768 1199 exoratus

477 1209 481 1217 ¹
490 1209 508 1222 so
513 1209 541 1222 ms
547 1209 619 1225 origin-1112
627 1209 675 1222 mma
681 1211 694 1222 ιο
698 1204 769 1222 minim-s.
