3096 5092
597 286 645 337 IN
659 283 798 335 CAPITE
813 283 966 335 IEIUNII.

439 413 479 479 59
1093 399 1139 461 60

155 509 291 575 effunde
315 511 624 585 beneffldictionem
663 518 756 572 tuam
804 509 847 572 ad
889 509 1051 572 uisionem
1090 519 1209 573 eterne
1256 508 1417 573 claritatis

157 597 331 679 superbos
347 619 478 661 cereos:
494 607 528 660 et
543 595 756 669 sanctifflfica
804 598 976 678 peruenire
992 616 1188 659 mereamur.
1231 597 1301 659 Per
1313 597 1416 660 domi·

155 704 214 747 eos
230 684 355 748 lumine
370 686 476 767 gratie
492 694 555 747 tue.
566 694 600 747 et
611 683 756 746 concede
805 703 894 745 num.

156 773 322 854 propicius
338 782 376 835 ut
391 773 476 834 sicut
496 771 557 834 hec
582 770 757 832 luminaria
879 769 926 833 Uo
947 778 1077 851 peracto
1093 793 1105 833 .·
1134 770 1269 833 recedat
1304 770 1417 834 Abbes

157 860 235 939 igne
265 859 385 921 uisibili
412 878 552 921 accensa
577 866 756 919 nocturnas
882 856 930 918 ad
956 857 1058 919 locum
1093 877 1198 919 suum.
1239 857 1419 921 Precenter

154 945 328 1026 depellunt
363 945 536 1008 tenebras:
574 945 621 1006 ita
655 946 756 1007 corda
805 963 879 1005 uero
911 943 1046 1024 accinat
1079 943 1252 1006 candelam
1291 944 1418 1007 Abbati

157 1041 270 1094 nostra
308 1032 463 1095 inuisibili
502 1032 579 1113 igne
628 1031 661 1093 id
704 1039 755 1093 est
796 1040 1008 1110 preparatam
1021 1053 1033 1093 :
1060 1039 1091 1092 et
1110 1031 1268 1093 accendat
1289 1052 1366 1095 eam
1380 1031 1415 1094 de

156 1120 262 1182 sancti
276 1120 409 1200 spiritus
421 1118 598 1200 splendore
611 1113 756 1190 illustrat
805 1117 879 1196 egene
902 1115 1064 1179 thuribuli
1091 1127 1122 1180 et
1143 1117 1264 1180 tradat
1289 1117 1417 1181 Abbati

156 1216 192 1268 ut
246 1207 337 1269 omni
397 1206 556 1268 uiciorum
616 1206 756 1268 cecitate
805 1203 958 1284 incipiens
979 1203 1063 1265 leanc
1091 1204 1309 1285 antiphonam
1337 1205 1413 1269 Sus·

153 1292 312 1375 ealreant.
350 1301 384 1355 et
419 1302 562 1375 purgato
599 1292 644 1374 [p.
687 1307 754 1369 104
805 1291 930 1372 cipiens
962 1289 1098 1353 ihesum.
1128 1292 1306 1354 secretarii
1342 1313 1414 1355 uere

155 1381 277 1442 mentis
292 1379 390 1442 oculo
410 1401 450 1442 ea
472 1399 604 1442 cernere
624 1399 755 1459 semper
803 1377 1004 1440 distribuant
1059 1377 1200 1459 singulis
1236 1380 1412 1459 fratrebus

155 1468 410 1548 possimusque
439 1466 499 1529 tibi
530 1475 607 1528 sunt
632 1464 755 1546 placita
802 1464 948 1545 singulos
962 1485 1066 1526 cereos.
1083 1464 1223 1526 Interim
1248 1477 1414 1529 canantur

155 1563 188 1616 et
211 1565 323 1617 nostre
347 1553 444 1615 saluti
467 1552 567 1615 utilia.
595 1553 753 1633 quatinus
802 1549 856 1612 lece
899 1550 1070 1632 antzplcane
1114 1551 1213 1614 Nunc
1259 1554 1411 1616 dimittis

155 1661 214 1722 per
236 1641 332 1704 huius
354 1641 455 1703 seculi
483 1639 664 1721 caliginosa
687 1640 754 1702 dis·
801 1636 978 1718 antiphona
1017 1638 1191 1701 Uiderunt„
1230 1639 1411 1721 antiphona

152 1729 292 1791 crimina
311 1729 352 1790 ad
377 1728 484 1789 lucem
508 1726 752 1790 indeficientem
804 1724 943 1786 Lumen.
968 1724 1204 1789 Etnatandum
1213 1726 1411 1806 quodabbas

154 1817 326 1896 peruenire
364 1834 557 1876 mereamur.
619 1813 681 1874 Per
719 1822 753 1875 te
803 1808 957 1894 [portabit
970 1811 1134 1874 candelam
1154 1832 1241 1874 unus
1258 1810 1306 1897 [p.
1329 1815 1409 1877 106¹.

153 1900 246 1963 ihesu
263 1902 383 1963 christe
399 1900 545 1963 saluator
560 1901 675 1962 mundi
697 1900 753 1980 qui
802 1918 877 1959 uero
892 1898 931 1960 de
945 1897 1158 1960 seruientibus
1166 1899 1238 1961 suis
1251 1924 1264 1962 .·
1286 1922 1410 1963 cereum

153 1989 238 2049 uiuis
254 1998 288 2050 et
304 2008 421 2069 regnas
438 2007 513 2049 cum
530 1988 593 2048 deo
609 1996 703 2067 patre
719 1988 752 2049 in
804 1994 953 2046 ornatum
969 1995 1044 2047 aute
1057 2005 1137 2047 emn
1155 1985 1260 2048 medei)
1273 1996 1410 2069 tenuiore

155 2076 282 2136 unitate
307 2075 455 2137 eiusdem
485 2074 619 2154 spiritus
646 2075 752 2136 sancti
802 2071 972 2133 ordinetur
975 2072 1132 2153 processio
1151 2074 1330 2136 seeundum
1351 2074 1404 2139 lib·

153 2162 243 2223 deus,
295 2163 385 2223 Tunc
398 2160 496 2222 abbas
510 2171 659 2241 aspergat
668 2181 754 2242 aqna
803 2179 877 2219 rum
891 2182 902 2220 .·
925 2167 957 2220 et
969 2168 1066 2221 exeat.
1082 2158 1266 2223 inminibus
1285 2162 1408 2240 fratri-

153 2248 313 2310 bencdicta
343 2269 443 2309 cereos
471 2258 502 2309 et
530 2247 685 2310 candelas.
723 2257 756 2308 et
802 2244 860 2306 bus
874 2244 1122 2326 precedentibus,
1136 2245 1320 2309 semitribus
1335 2270 1409 2311 uero

153 2336 299 2397 ineenset.
315 2345 348 2396 et
353 2346 465 2416 postea
480 2333 569 2396 dicat
581 2334 650 2396 alta
674 2354 751 2395 uoce.
801 2331 1002 2411 sequentibus
1030 2352 1101 2393 cnm
1124 2331 1258 2396 Abbate.
1287 2344 1319 2398 ct
1333 2347 1410 2416 pro-

154 2421 319 2484 Dominus
335 2422 515 2484 uobiscum.
802 2419 914 2480 cedant
928 2430 992 2499 per
1003 2420 1180 2481 claustrum
1197 2422 1350 2500 usquein
1365 2443 1408 2484 ec·

801 2505 929 2566 alestam
942 2505 1134 2568 rnaresclita.
1144 2506 1251 2587 etfiat
1264 2509 1366 2571 statne
1380 2518 1410 2571 et

389 2571 533 2635 Oremus.
802 2591 964 2653 absolutio.
981 2603 1108 2655 cantore
1127 2593 1298 2674 incipiente
1320 2596 1407 2658 anti-

226 2676 315 2738 Rudi
331 2696 512 2756 quesumus
528 2675 664 2737 domine
683 2675 751 2755 ple·
793 2676 938 2759 pitanam
963 2678 1038 2740 Aue
1054 2680 1165 2742 maria.
1180 2690 1284 2743 cetera
1298 2704 1407 2745 secun-

232 2763 309 2825 bem
337 2773 450 2824 tuam:
482 2772 515 2824 et
538 2782 603 2842 quc
626 2762 754 2824 extrin-
801 2765 880 2826 dum
910 2765 1037 2828 librum.
1082 2766 1178 2828 Dicto
1213 2766 1408 2834 Confiteor:

153 2870 248 2912 secus
279 2870 389 2912 annua
425 2849 541 2911 tribuis
572 2849 752 2911 deuotione
794 2861 1059 2933 ponaturcereus
1073 2863 1208 2915 ornatus
1221 2865 1406 2935 supercan-

154 2938 310 2998 uenerari.
339 2938 475 2998 interius
499 2936 630 3017 assequi
646 2936 753 3016 gratie
801 2939 968 3001 delubrum
992 2940 1084 3001 iuxta
1106 2941 1217 3003 altare.
1239 2943 1406 3005 sciendum

154 3033 210 3085 tue
237 3023 309 3085 luce
336 3025 488 3085 concede.
551 3023 619 3084 Per.
651 3023 705 3083 uel
723 3021 755 3083 si
801 3036 909 3088 autem
917 3026 1005 3107 quod
1009 3026 1169 3088 celebrans
1180 3029 1317 3091 messam
1326 3052 1407 3092 sem·

150 3111 253 3173 uelit:
277 3111 366 3172 dicat
380 3110 477 3171 istam
488 3109 671 3172 arationem.
795 3123 858 3193 per
878 3113 1005 3191 deferat
1024 3114 1192 3175 caudelam
1216 3115 1251 3176 in
1276 3117 1408 3179 dertare

803 3209 871 3260 tam
896 3199 944 3260 ad
957 3200 1187 3279 pracesszbnem
1201 3224 1213 3262 .·
1238 3222 1338 3281 quam
1364 3205 1412 3266 ad

381 3264 526 3328 073an-
804 3286 938 3347 missam
976 3307 1073 3366 usque
1098 3296 1172 3368 post
1198 3287 1408 3368 efferendam.

228 3381 350 3445 Omine
388 3383 469 3444 deus
508 3388 602 3460 pater
639 3378 750 3441 lumen
801 3373 884 3435 Post
912 3373 1108 3454 efferendam
1135 3374 1276 3436 durante
1302 3377 1407 3440 missa

236 3468 435 3530 indeficiens
463 3467 575 3548 quies
599 3466 752 3528 conditor
803 3468 908 3522 teneat
932 3481 1002 3520 eam
1029 3460 1064 3521 in
1087 3461 1232 3523 sinestra.
1258 3463 1410 3527 uidelicet

149 3557 300 3618 omnium
332 3555 495 3617 luminum
523 3553 662 3615 benedic
688 3552 750 3614 hoc
803 3546 888 3608 inter
901 3546 1023 3608 medelis
1036 3547 1336 3629 digitoscapellana
1350 3572 1407 3613 seu

152 3643 263 3705 lumen
294 3641 329 3727 sa
359 3640 512 3703 fidelibus
539 3642 571 3702 in
600 3638 644 3722 [p.
682 3654 749 3719 105.
802 3634 933 3695 dracone
954 3644 1017 3714 pro
1047 3643 1182 3715 tempore
1211 3634 1348 3698 iuuante
1379 3648 1410 3701 et

151 3731 276 3792 honore
300 3729 348 3792 tui
372 3728 516 3790 nominis
540 3728 749 3808 portandum.
801 3729 1005 3782 sustentante.

148 3819 306 3898 quatinus
323 3825 391 3877 ate
407 3813 693 3886 sanctififflcatum
706 3814 750 3876 sit

150 3903 524 3987 atquebeneffldictum.
535 3910 615 3963 etut
626 3900 750 3963 lumine
847 3916 892 3994 pq
914 3918 956 3979 [n
982 3919 1082 4000 capite
1106 3919 1224 3982 ieiumi
1259 3917 1307 4004 [p‚
1338 3940 1407 4004 ¹07·

149 4003 206 4055 tue
223 3991 381 4054 claritatis
397 3988 661 4051 accendamuret
676 3986 751 4049 illu·
792 4006 887 4085 feria
912 4005 988 4066 iiiito
1006 4016 1081 4087 post
1101 4005 1215 4068 horam
1232 4008 1311 4075 ¹viu*
1330 4013 1410 4093 pul.

151 4081 316 4142 minemur
352 4077 519 4175 propicius
567 4075 749 4174 concedere
800 4100 870 4152 sata
893 4113 1009 4172 magno
1029 4093 1122 4174 segne
1143 4095 1314 4158 canuem'at
1335 4120 1409 4161 can-

149 4167 302 4248 dIgneris.
342 4162 502 4226 etuelut1
529 4162 646 4224 eodem
671 4181 748 4243 igne
802 4188 917 4240 uentus
940 4180 975 4240 jn
999 4179 1137 4242 clumam,
1162 4189 1193 4242 et
1205 4182 1306 4261 facta
1333 4207 1410 4250 ora.

147 4254 319 4334 quondam
369 4249 561 4348 illuminasti
598 4268 747 4348 ‘moysen
865 4311 925 4362 ¹At
945 4313 988 4362 the
1008 4320 1052 4377 top
1068 4313 1161 4363 otthis
1228 4319 1346 4370 cadro
1402 4324 1415 4374 f

149 4339 310 4403 famulum
348 4347 469 4399 tuum:
510 4345 556 4398 lta
596 4334 747 4397 lllumma
798 4395 853 4426 wax
873 4394 953 4428 seems
969 4386 997 4427 to
1012 4378 1077 4428 have
1093 4378 1169 4429 fallen
1178 4331 1229 4429 pgtng
1239 4381 1285 4432 the
1304 4338 1415 4439 bogkg

146 4428 248 4490 corda
260 4434 374 4489 nostra
385 4433 420 4486 et
431 4443 546 4485 sensus
558 4431 697 4485 nostros.
710 4431 747 4484 ut
798 4444 919 4507 probably
930 4444 1013 4493 attan
1018 4450 1136 4508 portante
1144 4446 1282 4498 caudeam.
