3096 5092
459 364 515 412 AD
532 363 577 413 CA
584 359 843 412 TECHUMENOS
857 359 1078 410 FACIENDOS.
1122 411 1126 418 ,

423 493 464 558 23
1064 489 1106 553 24

145 606 235 650 mare
259 590 453 654 ambulauit.
480 600 515 654 et
541 600 636 673 petro
661 611 745 652 mer·
796 588 888 650 tauit.
936 587 1026 669 Ergo
1050 585 1237 648 maledicte.
1253 592 1289 644 et
1301 589 1402 643 cetera

143 677 235 755 genti
252 678 427 740 dexteram
444 679 604 759 porrexit.
651 677 743 758 Ergo
796 683 833 735 ut
846 685 945 754 supra
960 671 1102 735 Exhinc
1117 681 1185 733 tam
1200 680 1303 751 super
1316 688 1401 729 mas-

145 761 330 826 maledicte.
360 775 391 827 et
425 775 526 827 cetera
563 774 601 826 ut
635 775 743 845 supra.
795 761 881 822 culos
894 781 992 842 quam
1003 771 1099 841 super
1098 758 1251 838 sentinas
1261 756 1400 818 dicatur.

144 847 215 909 Hee
240 850 399 913 oratzbnes
419 861 580 932 sequentes
594 851 748 913 dz‘cantur
795 847 848 909 tic
868 848 980 926 faciat
1008 867 1128 909 crucem
1159 844 1194 906 in
1210 844 1332 923 fronte
1354 841 1401 903 in·

144 942 271 998 tantum
294 939 560 1019 superseminat
609 939 746 1002 Oremus
787 935 1058 1012 fantaseterecta
1073 953 1174 994 manu
1184 941 1284 1012 super
1298 927 1404 1010 capud

143 1020 236 1084 Deus
252 1024 323 1086 celi.
339 1027 421 1087 deus
437 1035 531 1088 terre.
547 1027 629 1087 deus
644 1045 744 1105 ange·
792 1021 862 1082 eius
876 1020 983 1082 dicat.¹

143 1107 259 1172 lorum.
273 1113 355 1174 deus
371 1112 650 1193 archangelorum.
662 1113 745 1174 deus

145 1198 413 1275 patriarcharum·
447 1201 528 1261 (111115
566 1198 742 1280 111οΡ111113·
865 1218 1010 1281 Ternam
1027 1238 1065 1279 ac
1082 1216 1302 1279 iustissimam
1328 1213 1395 1296 pie-

124 1302 228 1349 ‚rum.
266 1286 348 1346 deus
386 1286 623 1366 apostolorum,
661 1286 742 1346 deus
879 1315 983 1368 tatem
1015 1315 1107 1367 tuam
1141 1304 1305 1384 deprecor
1340 1302 1397 1362 do-

145 1379 337 1451 masll'sum·
382 1376 464 1435 deus
508 1372 743 1437 COssseSSOfflm·
793 1393 881 1455 mine
912 1401 1026 1454 sancte
1055 1401 1150 1472 pater
1179 1390 1396 1469 omnipotens

144 1456 225 1518 deus
263 1459 437 1539 1118111111·
474 1460 556 1522 deus
594 1459 742 1521 Omnium
794 1489 906 1541 eterne
922 1479 1005 1541 deus
1021 1479 1077 1558 qui
1088 1498 1122 1539 es
1133 1474 1396 1539 auctorluminis

144 1541 228 1605 bene
244 1545 437 1612 uiuentium.
454 1548 535 1608 deus
558 1547 610 1608 cui
635 1546 744 1608 omnis
1151 1560 1203 1599 runc)
1336 1557 1383 1598 rum)

144 1627 258 1711 lingua
282 1632 458 1695 confitetur
481 1642 514 1695 et
541 1653 639 1695 omne
655 1651 742 1713 genu
794 1614 827 1667 et
843 1606 992 1726 1)]θ11111115
1008 1625 1107 1686 super
1122 1601 1394 1727 hassffulsafflfflaffl

145 1715 302 1801 flecltitur
324 1719 504 1786 celestium.
529 1730 592 1782 ter·
620 1716 666 1802 [p.
689 1736 740 1796 41.
794 1695 886 1794 tddm
908 1731 948 1793 N.
968 1740 1005 1793 ut
1023 1729 1168 1812 digneris
1187 1748 1262 1791 eam
1284 1726 1395 1789 illum-

144 1806 305 1869 restrium.
316 1815 350 1867 et
363 1806 611 1870 infernorumte
624 1807 743 1867 inuoco
795 1820 885 1881 {nare
915 1818 1039 1880 lumine
1070 1815 1291 1898 intelligentie
1331 1825 1394 1877 tue.

143 1891 279 1953 dominc
316 1912 415 1974 super
462 1893 547 1955 hanc
584 1892 743 1955 famulam
955 1900 983 1941 ru)
1193 1942 1200 1954 ,
1388 1941 1394 1953 .

145 1985 237 2039 tuam
263 1979 302 2044 Ν,
319 1988 357 2040 ut
380 1981 558 2059 perducere
581 2000 655 2041 eam
672 1980 744 2060 dig„
794 1944 919 2006 munda
943 1964 1016 2006 eam
1039 1953 1074 2006 et
1096 1941 1274 2005 sanctifica.
1298 1941 1343 2002 da
1366 1961 1396 2002 er

1228 2025 1267 2065 (us)

145 2064 231 2125 neris
261 2066 303 2128 ad
330 2067 471 2147 gratiam
502 2067 659 2148 baptismi
686 2066 743 2134 tui,
793 2071 965 2133 scientiam
982 2090 1095 2132 ueram
1112 2067 1395 2150 utdignaefficia-

146 2150 237 2231 Ergo
248 2151 423 2214 maledicte
434 2162 465 2215 et
472 2163 573 2215 cetera
580 2163 617 2215 ut
624 2148 744 2234 supra.¹
793 2167 847 2219 tur
859 2159 1015 2220 accedere
1025 2157 1066 2219 ad
1077 2156 1219 2236 gratiam
1232 2153 1395 2236 baptismi

647 2244 649 2248 ⁴
793 2244 849 2307 tui.
877 2253 990 2306 teneat
1020 2243 1149 2304 firmam
1180 2262 1284 2322 spem.
1317 2261 1396 2303 con-

793 2331 902 2394 silium
928 2340 1062 2393 rectum.
1087 2329 1273 2391 doctrinam
1299 2347 1396 2390 sanc-

1028 1105 1170 1169 Oramus.

375 2302 517 2365 Oramus.

223 2420 293 2483 Eus
321 2422 488 2485 abraham.
527 2425 609 2486 deus
633 2445 742 2504 ysaac.

239 2510 321 2569 deus
344 2511 447 2573 iacob.
465 2512 546 2572 deus
562 2512 618 2591 qui
639 2510 743 2572 tribus

145 2593 240 2655 israel
257 2595 298 2657 de
309 2598 445 2678 egyptia
455 2598 614 2659 seruitute
626 2597 743 2659 libera·

144 2689 196 2742 tas
219 2702 277 2762 per
301 2703 438 2763 moysen
462 2684 623 2746 famulum
648 2695 742 2745 tuum

145 2768 187 2830 de
203 2770 354 2831 custodia
366 2771 598 2833 mandatorum
610 2781 742 2833 tuorum

146 2855 311 2918 monuisti.
328 2866 361 2918 et
387 2878 566 2920 susannam
591 2859 632 2919 de
660 2857 743 2919 falso

146 2943 283 3004 crimine
321 2943 476 3007 liberasti.
523 2955 556 3006 te
597 2945 740 3027 supplex

133 3029 282 3091 ‘domine
312 3031 472 3111 deprecor
500 3043 536 3094 ut
554 3032 672 3094 liberes
707 3042 741 3094 et

146 3113 232 3176 hanc
248 3114 407 3179 famulam
435 3128 527 3180 tuam
554 3119 594 3180 N.
611 3129 645 3181 et
669 3140 740 3199 per-

146 3201 266 3264 ducere
282 3223 355 3264 eam
372 3205 518 3285 digneris
541 3207 582 3266 ad
599 3208 740 3286 gratiam

145 3287 302 3368 baptismi
333 3291 389 3352 tui.
445 3291 536 3372 Ergo
559 3292 743 3357 maledicte.
794 3341 801 3353 .

145 3384 176 3436 et
189 3384 289 3436 cetera
312 3386 478 3456 utsupra.

145 3511 355 3573 Exorczsmus
384 3525 480 3595 super
494 3515 646 3594 feminas
672 3526 742 3578 tan·

308 3597 399 3663 turn}
446 3600 589 3665 Oramus.

154 3701 361 3830 EXorcizo
377 3713 410 3764 te
433 3703 592 3766 inmunde
608 3707 742 3786 spiritus

233 3809 291 3869 per
321 3800 450 3871 patrem
490 3801 523 3852 et
562 3791 665 3853 filium
708 3803 741 3855 et

793 2466 872 2519 tam.
889 2466 926 2518 ut
942 2412 1094 2538 apia'tsit
1118 2456 1160 2518 ad
1184 2475 1257 2536 per·
1279 2454 1325 2536 [p.
1343 2471 1394 2532 43.

794 2545 980 2624 cipiendam
992 2544 1134 2625 gratiam
1147 2542 1307 2622 baptismi
1325 2542 1396 2603 tui²

793 2631 871 2691 Non
909 2630 1041 2693 dicatur
1079 2629 1244 2690 Dominus
1283 2627 1396 2690 uobis·

791 2738 875 2779 cum.
893 2738 990 2797 neque
1003 2737 1136 2779 oremus.

876 2820 925 2882 Ec
963 2831 996 2882 te
1033 2820 1115 2882 latet
1152 2819 1294 2880 sathana
1334 2819 1396 2881 im-

892 2907 1016 2969 minere
1052 2907 1112 2968 tibi
1146 2906 1235 2968 diem
1270 2905 1393 2967 iudicii.

792 2995 880 3057 diem
908 2993 1060 3075 supplicii
1083 2992 1284 3072 sempiterni.
1301 2993 1395 3054 diem

791 3082 848 3161 qui
871 3090 1029 3142 uenturus
1050 3090 1100 3142 est
1123 3081 1215 3140 uelut
1241 3077 1397 3140 clibanus

794 3169 913 3229 ardens
924 3169 956 3228 in
968 3188 1034 3247 quo
1046 3167 1106 3228 tibi
1118 3175 1218 3246 atque
1228 3167 1395 3227 uniuersis

793 3253 1001 3335 angelistuis
1025 3264 1157 3314 eternus
1180 3253 1397 3335 superueniet

792 3341 953 3402 mteritus.
1021 3340 1162 3402 Proinde
1210 3339 1398 3419 dampnate

793 3436 894 3508 atque
932 3426 1154 3508 dampnande.
1171 3426 1214 3486 da
1230 3424 1395 3487 honorem

792 3515 856 3575 deo
872 3523 906 3575 et
921 3515 998 3576 uiuo
1014 3523 1047 3575 et
1063 3533 1148 3575 uer0.
1166 3513 1209 3573 da
1232 3511 1396 3574 honorem

794 3601 888 3663 ihesu
905 3601 1027 3662 christo
1043 3599 1110 3661 filio
1126 3598 1196 3660 eius
1212 3608 1245 3661 et
1261 3598 1395 3679 spiritui

793 3696 917 3749 sancto.
948 3688 982 3748 in
1013 3687 1104 3748 cuius
1131 3686 1266 3746 nomine
1291 3695 1397 3766 atque

792 3774 914 3835 uirtute
937 3774 1083 3854 precipio
1106 3773 1166 3833 tibi
1191 3772 1397 3852 quicumque

40 3926 42 3931 ,
146 3877 298 3956 spiritum
329 3887 488 3939 sanctum,
513 3887 551 3940 ut
582 3899 682 3941 exeas
709 3889 742 3942 et
794 3880 829 3921 es
845 3861 979 3941 spiritus
995 3861 1154 3921 inmunde
1170 3867 1207 3918 ut
1230 3878 1334 3919 exeas
1360 3868 1396 3921 et

147 3964 282 4025 secedas
309 3962 352 4024 ab
378 3964 440 4025 hac
468 3963 591 4027 11111111Ῑᾶ
618 3967 670 4027 del
700 3968 740 4029 N·
792 3989 926 4048 recedas
964 3986 1007 4048 ab
1032 3943 1094 4046 hile
1121 3940 1324 4046 samuld'dei
1353 3985 1394 4048 N.

148 4049 218 4131 ipse
234 4051 322 4111 enim
340 4047 495 4130 imlperat
511 4051 611 4113 male·
629 4049 673 4136 [p.
689 4071 740 4130 42.
836 4071 863 4111 ‹a›

146 4136 234 4200 dicte
259 4138 448 4218 dampnate,
472 4139 527 4217 qui
559 4159 636 4200 ceco
664 4149 743 4202 nato
792 4134 892 4194 quem
916 4114 1015 4174 hodie
1029 4112 1118 4210 idem
1142 4111 1273 4208 deuset
1284 4111 1395 4173 domi-

146 4222 259 4284 oculos
276 4224 411 4304 aperuit.
428 4235 461 4285 et
484 4227 741 4304 quatriduanum
793 4220 854 4261 ⁰¹¹³
885 4210 998 4261 ”Osles
1027 4199 1137 4260 lhesus
1167 4197 1309 4258 0111151113
1350 4199 1395 4260 ad

824 4304 875 4356 lA
902 4310 964 4357 later
1000 4308 1067 4355 hand
1103 4307 1192 4354 inserts
1219 4305 1272 4352 sinc
1307 4305 1398 4357 before

180 4431 230 4481 ιΑ
258 4435 320 4482 later
354 4433 422 4482 hand
459 4432 549 4481 inserts
576 4435 628 4483 sinc
659 4435 744 4485 before
795 4375 956 4486 Oze'llulater
975 4436 1042 4484 hand
1063 4436 1125 4484 adds
1145 4451 1188 4499 per
1206 4431 1327 4482 christum
1349 4436 1398 4486 do·

149 4501 259 4549 oremus.
793 4504 888 4552 minum
901 4509 1019 4550 nostrum.

146 4309 290 4371 lazarum
329 4312 370 4371 de
401 4321 618 4373 monumento
642 4314 743 4374 susci-
