3096 5092
539 348 594 396 AD
613 347 657 396 CA
663 347 921 396 TECHUMENOS
935 347 1156 396 FACIENDOS.

506 481 544 544 19

223 575 445 655 cupiditatum
473 577 630 639 fetoribus
655 585 773 638 careat.
789 584 822 637 et

225 661 267 722 ad
284 682 420 724 suauem
437 666 573 725 odorem
590 672 822 744 preceptorum

223 797 355 850 tuorum
372 747 458 852 lulis
480 790 540 852 tibi
565 791 598 850 in
614 789 752 851 ecclesia
766 798 824 851 tua

225 875 398 938 deseruiat.
416 887 450 939 et
474 876 624 958 proficiat
651 877 693 938 de
713 877 767 939 die
789 877 820 938 in

225 1003 321 1064 diem.
343 1014 380 1064 ut
400 960 552 1084 ydonelis
585 1003 745 1066 efficiatur
769 1024 823 1065 ac-

223 1090 341 1151 cedere
368 1091 410 1152 ad
434 1093 575 1170 gratiam
593 1090 750 1171 baptismi
766 1091 821 1152 tui.

225 1186 380 1257 percepta
396 1179 567 1240 medicina.
607 1178 668 1238 Per
680 1177 823 1239 eundem

224 1263 406 1326 dominum.

451 1381 593 1445 Oramus.

133 1511 136 1518 ’
226 1513 236 1587 l
301 1516 406 1579 Reces
422 1530 551 1580 nostras
578 1540 698 1601 quesu-
714 1519 758 1600 [p.
774 1536 822 1598 34.

247 1685 274 1726 Η
314 1624 388 1665 mus
407 1604 592 1729 tclementer
616 1607 758 1668 exaudi:
790 1616 823 1668 et

254 1693 265 1718 ³
518 1699 537 1729 (ἃ

224 1728 312 1791 hunc
326 1730 469 1793 electum
485 1741 579 1795 tuum
595 1733 634 1794 N.
648 1734 752 1794 crucis
763 1733 821 1794 do·

226 1817 345 1956 mqnice
370 1820 462 1879 cuius
488 1820 705 1918 impressione
738 1818 822 1901 (W

222 1962 299 2004 eum
316 1944 486 2024 signamus
501 1947 623 2007 uirtute
639 1955 711 2007 cust
699 1947 769 2007 todi
786 1955 822 2007 ut

224 2031 618 2113 magnitudinisetglorie
629 2031 705 2094 fidei
716 2034 822 2094 erudi-

224 2126 337 2178 menta
374 2138 509 2180 seruans
541 2140 598 2199 per
636 2121 822 2182 custodiam

224 2205 457 2266 mandatorum
496 2217 628 2268 tuorum
666 2207 708 2269 ad
732 2227 823 2287 rege-

224 2292 403 2352 nerationis
463 2292 604 2374 gloriam
650 2294 822 2372 peruenire

224 2387 394 2440 mereatur.
413 2379 474 2440 Per
490 2380 670 2443 dominum.

454 2540 597 2605 Oranus.

231 2662 370 2790 DEus
393 2666 450 2746 qui
473 2666 610 2728 humani
633 2669 761 2748 generis
777 2670 888 2740 itat

312 2749 380 2826 est†
405 2753 558 2814 conditor
580 2764 617 2816 ut
648 2756 692 2816 sis
722 2757 822 2818 etiam

222 2836 426 2900 reformator.
466 2842 576 2921 propit
579 2842 645 2903 iare
690 2845 822 2923 populis

223 2922 399 3004 adoptiuis.
432 2935 466 2988 et
498 2948 585 2989 nouo
619 2937 823 2992 testamento

222 3010 372 3073 sobolem
400 3032 486 3074 noue
510 3013 611 3094 prolis
638 3018 763 3078 ascribe
787 3028 823 3081 ut

224 3095 281 3158 filii
305 3100 533 3200 promissionis
557 3102 647 3181 quod
671 3122 737 3164 non
763 3125 821 3186 po-

223 3191 357 3246 tuerunt
387 3188 516 3267 assequi
554 3208 613 3269 per
649 3199 822 3254 naturam:

222 3273 391 3350 gaudeant
417 3292 452 3334 se
476 3276 638 3354 recepisse
662 3297 720 3357 per
750 3298 823 3359 gra-

222 3357 313 3420 tiam.
330 3379 388 3438 per
400 3360 581 3422 dommum

366 3497 576 3562 Exorcz'smas
596 3501 684 3566 salta.

294 3625 437 3689 Xorcizo
458 3638 491 3690 te
516 3639 666 3694 creatura
689 3632 767 3694 salis
787 3634 821 3695 in

306 3711 499 3796 snofflmine
515 3717 568 3778 dei
590 3720 692 3799 patris
711 3718 754 3800 [p.
772 3734 819 3798 35.

222 3801 469 3881 omnipotentis,
480 3804 555 3865 etin
566 3806 703 3867 caritate
719 3812 752 3880 »1⁴
762 3808 820 3869 do-

223 3886 302 3947 mini
313 3889 417 3949 nostri
429 3889 521 3952 ihesu
538 3891 656 3954 christi.
668 3903 700 3955 et
717 3893 749 3954 in
761 3895 821 3955 uir-

221 3981 292 4034 tute
307 3978 340 4047 ›1‹
354 3975 488 4055 spiritus
497 3979 611 4041 sancti.
621 3981 776 4043 exorcizo
788 3992 822 4044 te

204 4095 207 4101 .
221 4079 280 4139 per
290 4061 389 4122 deum
410 4067 443 4136 ›1‹
463 4064 578 4126 uiuum
594 4086 653 4146 per
668 4067 816 4143 deumffl

221 4166 346 4208 uerum.
358 4169 417 4228 per
431 4149 544 4211 deum²
555 4154 611 4231 qui
628 4163 660 4215 te
677 4154 719 4216 ad
736 4164 821 4218 tute·

221 4231 287 4294 lam
300 4234 436 4296 humani
446 4239 575 4316 generis
587 4243 778 4320 procreauit.
789 4253 822 4306 et

222 4320 346 4403 populo
361 4324 506 4385 uenienti
523 4327 565 4386 ad
591 4329 820 4393 credulitatem

286 4427 295 4460 ¹
311 4433 373 4482 This
384 4449 451 4484 cross
461 4435 482 4485 is
493 4437 583 4486 added.

285 4494 296 4526 ²
312 4499 345 4546 In
357 4502 458 4563 margin
468 4517 476 4550 .·
494 4518 510 4565 p
522 4503 570 4551 deit
586 4516 605 4554 ÷
621 4520 672 4553 scm
684 4523 701 4570 p
712 4508 768 4557 deu.

1152 482 1193 529 20

875 595 934 656 per
957 595 1070 637 seruos
1092 597 1169 638 suos
1193 577 1374 639 consecrari
1401 597 1473 657 pre-

875 663 970 743 cepit.
981 671 1018 723 ut
1034 663 1066 723 in
1079 664 1212 724 nomine
1224 675 1338 726 sancte
1348 665 1461 725 trinita

875 750 917 811 tis
944 748 1095 811 efficiaris
1120 751 1262 812 salutare
1289 771 1474 812 sacramen·

875 844 947 897 tum
975 835 1017 896 ad
1048 835 1263 918 effugandum
1295 838 1474 899 inimicum.

878 922 1019 984 Proinde
1065 943 1220 1003 rogamus
1266 933 1299 986 te
1338 924 1474 986 domine

876 1008 958 1070 deus
984 1020 1103 1071 noster.
1120 1019 1157 1071 ut
1181 1010 1266 1071 hanc
1289 1021 1474 1072 creaturam

876 1095 954 1157 salis
977 1095 1258 1170 sanctificanffldo
1281 1096 1474 1159 sanctifices.

876 1181 1147 1256 beneffldicendo
1200 1185 1384 1245 benedicas,
1438 1194 1474 1246 ut

877 1268 934 1330 fiat
961 1270 1114 1331 omnibus
1141 1271 1379 1350 accipientibus
1403 1291 1475 1351 per-

875 1354 961 1417 fecta
1000 1357 1164 1417 medicina
1199 1377 1397 1437 permanens
1442 1357 1475 1418 in

876 1443 1056 1504 uisceribus
1101 1464 1214 1504 eorum
1257 1445 1294 1519 ¹in
1340 1445 1476 1517 nomine

876 1530 1025 1591 eiusdem
1074 1531 1200 1598 domini
1240 1533 1343 1592 nostri
1382 1530 1474 1592 ihesu

875 1616 994 1678 christi.
1012 1616 1068 1696 qui
1092 1628 1250 1679 uenturus
1265 1628 1316 1679 est
1332 1619 1476 1680 iudicare

875 1723 970 1764 uruos
983 1701 1196 1766 etmortuos.1
1236 1705 1476 1766 Tuncsacerdos

876 1789 1051 1870 interroget
1064 1811 1175 1852 nomen
1192 1788 1348 1874 r'nffantis
1363 1790 1407 1872 [p.
1426 1793 1474 1869 36.

875 1885 908 1938 et
920 1887 1025 1957 ponat
1049 1879 1088 1939 de
1117 1878 1183 1958 ipso
1206 1877 1273 1940 sale
1288 1878 1323 1939 ἐκ
1347 1899 1381 1939 os
1406 1878 1476 1939 eius

874 1963 980 2025 dicens
1010 1963 1137 2044 Accipe
1168 1964 1215 2026 sal
1243 1966 1404 2045 sapientie
1438 1974 1475 2027 ut

875 2051 1078 2131 propiciatus
1103 2052 1145 2112 sit
1170 2053 1229 2113 tibi
1262 2053 1417 2112 dominus
1442 2053 1475 2112 in

873 2138 978 2199 uitam
989 2147 1136 2198 eternam
1150 2158 1255 2200 amen.
1265 2139 1381 2200 Postea
1390 2137 1478 2199 dicat

876 2223 1042 2286 Dominus
1058 2225 1238 2287 uobiscum.

1104 2362 1247 2425 Oramus.

883 2464 1021 2592 DEus
1031 2475 1163 2546 patrum
1181 2476 1255 2528 nost
1258 2487 1376 2528 rorum
1394 2467 1474 2528 deus

951 2572 1103 2614 uniuerse
1134 2555 1247 2616 condit
1235 2565 1287 2616 tor
1317 2555 1472 2615 ueritatis.

875 2687 908 2740 te
933 2677 1098 2759 supplices
1123 2699 1309 2741 exoramus.
1326 2689 1362 2742 ut
1349 2638 1474 2742 tllunc

980 2771 991 2794 a
1092 2771 1103 2794 a

874 2761 1034 2866 samultlm
1052 2762 1145 2866 tulim
1171 2806 1212 2868 N.
1229 2806 1388 2886 respicere
1404 2808 1474 2887 dig-

874 2893 961 2952 neris
985 2893 1158 2973 propicius
1186 2902 1220 2954 et
1246 2892 1309 2954 hoc
1330 2895 1473 2974 primum

875 2978 1033 3059 pabulum
1066 2979 1143 3040 salis
1177 2989 1368 3060 gustantem
1408 3000 1472 3041 non

875 3064 1003 3126 diucius
1039 3067 1162 3126 esurire
1200 3066 1373 3151 permittas
1407 3088 1474 3147 quo

875 3152 984 3213 minus
1022 3153 1096 3214 cibo
1134 3152 1310 3234 expleatur
1353 3153 1473 3215 celesti.

873 3239 1028 3318 quatinus
1080 3239 1122 3300 sit
1167 3261 1297 3321 semper
1341 3241 1475 3302 domine

875 3326 991 3406 spiritu
1008 3325 1149 3388 feruens.
1167 3347 1226 3407 spe
1241 3328 1399 3408 gaudens.
1416 3336 1474 3388 tuo

1419 3419 1430 3442 a

876 3453 1002 3513 nomini
1031 3454 1183 3514 seruiens,
1245 3453 1371 3514 Perduc
1396 3409 1472 3514 elim

875 3539 1011 3600 domine
1038 3541 1079 3600 ad
1107 3559 1193 3600 noue
1217 3540 1473 3619 regenerationis

876 3624 1075 3687 lauachrum.
1096 3635 1132 3687 ut
1148 3647 1222 3687 cum
1241 3625 1392 3688 fidelibus
1409 3627 1473 3689 tuis

875 3711 1130 3792 promissionum
1185 3722 1315 3774 tuarum
1361 3723 1473 3776 eterna

874 3800 1001 3880 premia
1017 3800 1175 3880 consequi
1192 3797 1376 3861 mereatur.2
1403 3801 1472 3862 Per.

872 3886 942 3946 Hac
955 3887 1058 3947 oratio
1073 3886 1203 3947 dicatur
1211 3897 1307 3967 super
1319 3887 1475 3948 mascalas

872 3981 1010 4033 tantum.

1089 4070 1249 4154 sOrernus.

950 4183 1020 4245 Eus
1048 4184 1215 4246 abraham.
1247 4187 1329 4246 deus
1359 4072 1469 4265 ξξεέζ.

948 4272 1030 4333 deus
1047 4272 1151 4333 iacob.
1161 4273 1215 4351 qui
1227 4272 1334 4352 moysi
1348 4271 1472 4334 famulo

905 4378 964 4430 ¹In
987 4384 1105 4445 margin:
1130 4391 1154 4432 et
1177 4384 1286 4432 seculum
1312 4400 1356 4447 per
1378 4384 1470 4448 ignem.

870 4449 989 4562 Allmllls.
1003 4513 1135 4576 originally
1146 4529 1280 4562 mereanus.
