3096 5092
402 314 458 363 DE
477 313 724 365 UISITATIONE
739 312 837 364 POST
848 311 1136 363 INUNCTIONEM.

408 445 466 512 115

143 550 277 604 sanctus
301 541 358 624 qui
384 542 416 603 in
442 541 658 605 similitudine
689 562 743 604 co-

144 626 257 691 lumbe
275 629 308 690 in
325 628 461 690 flumine
477 629 622 691 iordanis
638 629 744 710 requi-

144 716 213 777 euit
225 716 258 776 in
272 714 401 777 christo,
413 716 550 797 ipseque
562 726 596 778 te
609 717 640 777 in
653 716 745 778 trini-

145 810 215 864 tate
225 801 409 864 sanctificet
424 822 524 883 quem
541 823 657 865 omnes
667 822 746 883 gen-

145 896 195 950 tes
207 898 571 970 uenturumexpectant
581 892 622 952 ad
630 891 661 951 iu
664 888 747 972 ldie-

146 974 223 1037 ium.
239 976 296 1056 qui
313 976 396 1037 uiuit
412 986 445 1038 et
462 987 585 1056 regnat.
612 975 656 1058 [p.
674 991 746 1056 207.

145 1082 220 1123 cum
237 1063 302 1123 deo
317 1072 420 1143 patre.
459 1062 520 1124 Ad
532 1083 746 1143 unamquam-

144 1169 205 1229 que
219 1147 396 1210 clausulam
405 1149 643 1230 precedeucrum
660 1149 746 1211 bene·

146 1236 322 1297 dictionum
339 1260 350 1299 .·
417 1246 590 1298 ceurreutus
651 1235 746 1298 dicat.

146 1321 268 1384 Amen.

177 1479 386 1563 ¹[Anselmus
396 1484 633 1545 cantuariensis
643 1482 747 1545 archi-

147 1570 331 1651 episcopus
357 1569 412 1634 Sic
422 1570 523 1632 debet
536 1569 635 1632 frater
647 1591 747 1652 prox-

148 1656 234 1718 imus
265 1657 363 1719 morti
396 1659 589 1738 interrogari
622 1667 655 1719 et
700 1657 747 1719 sic

148 1741 249 1805 debet
287 1745 487 1824 responderi.
535 1744 610 1807 Fiat
648 1744 747 1806 inter-

147 1831 283 1910 rogatio
331 1830 459 1892 Letaris
489 1832 578 1911 quod
617 1831 650 1892 in
683 1830 748 1892 fide

148 1915 328 1978 christiana
340 1917 496 1978 morieris
522 1918 748 1998 Respondeat.

149 2003 270 2065 Etiam.
303 2002 439 2065 Gaudes
473 2004 564 2084 quod
599 2005 747 2066 morieris

400 2087 436 2127 {uel
448 2086 533 2127 clericali)

147 2129 179 2191 in
216 2128 332 2192 habitu
371 2129 581 2192 monachali?
627 2130 748 2192 Etiam.

150 2216 277 2277 Fateris
293 2226 326 2278 te
347 2237 413 2278 non
437 2227 505 2280 tam
524 2216 608 2279 bene
625 2217 749 2278 uixisse

148 2323 249 2384 quam
267 2302 462 2365 debuisses?
479 2305 601 2366 Etiam.
620 2304 749 2365 Penitet

148 2389 204 2452 te?
244 2389 365 2452 Etiam.
392 2391 507 2453 Habes
540 2390 748 2454 uoluntatem

148 2476 348 2538 emendandi
374 2479 400 2539 si
433 2480 577 2559 spatium
611 2477 749 2539 haberes

148 2565 307 2626 uiuendi?
333 2565 454 2626 Etiam.
512 2564 627 2627 Credis
657 2565 747 2645 quod

149 2660 299 2713 mortuus
337 2661 387 2713 est
425 2672 484 2732 pro
524 2661 556 2713 te
594 2653 748 2713 dominus

149 2736 259 2799 ihesus
330 2739 470 2800 christus
530 2739 582 2801 dei
641 2738 749 2799 filius?

149 2824 271 2887 Etiam.
353 2825 439 2905 Agis
499 2827 528 2886 ei
596 2826 749 2905 gratias?

151 2911 274 2973 Etiam.
315 2909 445 2984 {Credis
463 2922 496 2974 te
513 2932 578 2972 non
604 2909 650 2995 [p.
664 2927 724 2990 207
741 2961 747 2973 .

152 3018 250 3079 posse
261 2999 323 3059 nisi
337 3018 395 3079 per
407 3009 548 3061 mortem
561 2997 646 3060 illius
662 2998 749 3060 salu-

150 3085 216 3146 ari?
228 3085 350 3147 Etiam.
369 3085 444 3165 Age
455 3104 533 3166 ergo
546 3085 626 3146 dum
637 3105 749 3166 super·

150 3182 202 3232 est
218 3173 298 3233 inte
314 3172 425 3233 anima
438 3172 470 3232 in
484 3172 545 3233 hac
562 3172 632 3233 sola
643 3180 730 3234 mort

150 3267 256 3320 totam
289 3257 439 3320 fidutiam
471 3267 563 3319 tuam
595 3259 627 3319 in
660 3258 749 3320 illam
811 3314 817 3324 .

149 3345 321 3406 constitue.
346 3345 378 3406 in
406 3345 496 3406 nulla
520 3344 584 3406 alia
609 3367 642 3406 re
667 3345 752 3407 fidu·

150 3432 231 3494 tiam
271 3430 405 3493 habens
453 3432 542 3494 Huic
581 3433 678 3493 morti
717 3443 750 3495 te

149 3528 257 3581 totum
289 3519 441 3581 immitte.
488 3519 563 3580 Hac
588 3529 694 3580 morte
719 3528 752 3581 te

150 3614 259 3667 totum
284 3615 431 3686 contege.
481 3606 555 3667 Hac
588 3616 693 3668 morte
717 3616 751 3668 te

149 3702 258 3755 totum
283 3692 424 3753 inuolue.
471 3692 516 3754 Et
543 3693 569 3754 si
596 3695 751 3755 dominus

150 3780 232 3841 deus
264 3788 297 3840 te
327 3780 469 3840 uoluerit
501 3778 665 3840 iudicare:
690 3780 750 3842 dic.

151 3865 297 3928 Domine
322 3877 463 3928 mortem
491 3866 617 3928 domini
648 3867 751 3928 nostri

151 3953 244 4014 ihesu
261 3952 373 4013 christi
398 3951 507 4014 obicio
532 3955 617 4015 inter
642 3973 695 4014 me
718 3963 750 4015 et

150 4040 307 4102 iudicium
345 4049 448 4101 tuum.
495 4038 604 4100 Aliter
641 4049 750 4101 tecum

149 4147 216 4188 non
234 4127 407 4188 contendo
455 4125 490 4190 Si
514 4125 637 4188 dixerit
661 4127 750 4207 quod

182 4259 191 4291 ¹
208 4262 263 4310 The
274 4262 369 4311 section
380 4261 405 4309 in
417 4261 532 4310 brackets
540 4261 560 4309 is
568 4262 666 4310 written
676 4263 752 4325 along

149 4330 192 4378 the
203 4329 279 4375 lower
290 4326 387 4389 margin
399 4327 427 4374 os
440 4342 483 4389 pp.
504 4326 592 4386 206-7.
607 4327 634 4375 in
650 4343 666 4376 a
681 4327 751 4376 hand

149 4393 286 4443 somewhat
297 4394 360 4439 later
373 4393 432 4439 than
444 4391 487 4440 the
498 4391 566 4455 body
577 4392 606 4440 os
614 4393 656 4441 the
669 4392 725 4442 MS.

181 4455 192 4488 ²
209 4458 298 4506 Lower
310 4456 414 4520 margin.

1075 430 1142 493 116

793 542 949 604 merueris
1000 540 1310 624 dampnacionem.
1354 541 1401 604 die

795 628 941 691 Domine
972 637 1113 691 mortem
1143 629 1288 691 domini
1313 628 1401 691 nostri

795 715 889 777 ihesu
920 715 1031 777 christi
1062 715 1224 778 obtendo
1250 717 1342 778 inter
1361 735 1402 777 rue

796 811 830 863 et
855 802 943 863 mala
979 802 1097 865 merita
1124 822 1208 865 mea
1242 803 1404 884 ipsiusque

797 890 951 951 meritum
968 889 1070 951 offero
1093 909 1159 971 pro
1187 889 1320 952 merito
1342 908 1403 951 meu

796 976 886 1056 quod
903 995 966 1056 ego
981 975 1174 1038 debuissem
1199 976 1335 1039 habere
1355 995 1404 1038 nec

796 1061 911 1123 habe0.
959 1062 1004 1124 Et
1014 1063 1066 1125 dic
1076 1064 1212 1125 iterum.
1266 1063 1403 1126 Domine

798 1159 939 1211 mortem
978 1150 1104 1211 domini
1154 1151 1271 1213 nostri
1322 1149 1403 1213 ihesu

796 1235 910 1297 christi
923 1255 1012 1317 pono
1025 1237 1110 1298 inter
1122 1256 1180 1298 me
1191 1246 1228 1299 et
1234 1247 1273 1299 te
1286 1246 1322 1299 et
1332 1238 1402 1298 iram

797 1330 898 1385 tuam.
946 1322 1077 1385 Deinde
1114 1323 1211 1386 dicat
1254 1334 1316 1386 ter.
1372 1323 1403 1384 ln

798 1429 916 1470 manus
931 1418 1014 1471 tuas,
1059 1408 1248 1473 Conuentu
1266 1411 1404 1493 idipsum

797 1496 1019 1576 respondente
1042 1504 1098 1558 ter.
1146 1496 1252 1560 Tunc
1278 1516 1404 1560 securus

798 1584 942 1644 moritur.
989 1581 1055 1664 Qui
1071 1592 1150 1645 ante
1175 1594 1331 1647 mortem
1353 1584 1404 1645 hec
1467 1574 1470 1585 '

796 1670 963 1732 dicunturl
980 1689 1046 1732 non
1059 1668 1253 1733 intrabunt²
1267 1680 1402 1733 mortem

797 1755 969 1837 eternam]

841 1925 887 1999 Ἢ
909 1923 993 1986 Post
1006 1924 1227 1986 inunctionem
1242 1925 1282 1986 si
1300 1935 1400 2005 super·

798 2011 920 2072 uixerit
939 2013 1076 2091 frater:
1108 2011 1294 2074 seruientes
1316 2012 1402 2094 iufir-

798 2098 909 2160 marie.
925 2099 1051 2161 sartrie.
1068 2107 1099 2160 et
1112 2098 1289 2160 laueudrie
1305 2099 1401 2180 ipsum

797 2183 971 2265 diligenter
998 2184 1183 2247 custodiunt
1206 2194 1241 2247 et
1271 2185 1402 2267 ur'gt'leus

789 2272 926 2351 fuciunt
931 2283 995 2352 per
1003 2272 1087 2334 circa
1099 2270 1206 2352 ipsum
1222 2271 1334 2335 tribus
1341 2271 1401 2334 de’e·

799 2358 858 2420 bus
872 2368 904 2420 et
916 2358 1022 2420 tribus
1037 2357 1186 2420 noctibus.
1246 2358 1323 2437 Qui
1339 2359 1400 2421 sin·

793 2445 887 2526 gulis
921 2444 1033 2511 diebus
1066 2445 1198 2507 iuterim
1222 2456 1348 2526 panem
1374 2453 1402 2507 et

797 2532 970 2594 ceruese‘aru
1009 2532 1049 2594 de
1084 2532 1214 2594 cellario
1243 2533 1402 2615 percipere

798 2617 918 2680 debent.
963 2619 1047 2680 Item
1064 2619 1160 2681 tercia
1174 2619 1230 2680 die
1236 2629 1318 2700 post
1332 2639 1400 2680 unc-

798 2705 915 2767 tioueru
930 2706 964 2767 si
974 2706 1192 2787 superuiueret
1202 2728 1215 2768 .·
1229 2716 1311 2786 post
1323 2704 1401 2787 capi·

799 2792 904 2854 tulum
920 2802 952 2855 et
967 2792 1081 2856 Uerba
1098 2813 1179 2855 mea.
1195 2813 1252 2854 seu
1275 2792 1399 2874 Dirige.

728 2910 739 2943 2
794 2890 855 2959 pro
878 2889 1013 2960 tempere
1036 2879 1156 2942 induat
1174 2900 1208 2941 se
1226 2880 1330 2960 priru
1349 2898 1400 2941 seu

798 2966 948 3046 supprior
959 2967 1050 3029 stola.
1066 2966 1194 3028 amictu.
1210 2976 1245 3027 et
1263 2976 1352 3047 capa.
1373 2973 1402 3028 et

800 3053 913 3114 uisitet
939 3074 1010 3115 curu
1040 3062 1194 3115 eeuueutu
1229 3053 1400 3135 infirmum

731 3192 750 3232 e
791 3140 939 3218 fratrem
955 3160 1044 3202 cruce
1057 3149 1089 3202 et
1096 3140 1204 3201 cereis⁴
1215 3160 1307 3220 aqua
1316 3139 1399 3203 bene·

799 3225 886 3289 dr’cta
909 3225 1127 3308 preeuntibus.
1151 3236 1280 3289 cantore
1303 3229 1399 3290 etium

802 3314 968 3394 incpeeute
984 3314 1034 3376 vii
1040 3314 1185 3395 psalmes
1198 3334 1272 3375 curn
1297 3314 1400 3395 gloria

801 3401 897 3481 patri.
971 3400 1095 3478 Quibus
1129 3399 1234 3463 de'ctis.
1272 3400 1403 3463 de'catur

803 3486 1048 3569 Kyrieleyson.⁵
1139 3486 1399 3569 Christeleyson

803 3573 1033 3656 Kyrieleyson.
1090 3571 1203 3656 [Pater
1243 3570 1289 3657 [p.
1332 3576 1400 3637 208.

802 3670 921 3722 noster.
952 3661 1000 3723 Et
1006 3662 1103 3742 prrer
1120 3670 1248 3740 asperso
1270 3660 1403 3742 infirme

801 3768 887 3827 aqua
902 3747 1064 3810 benedicta
1075 3771 1086 3810 :
1108 3746 1289 3827 subiungat
1294 3758 1403 3827 preces

801 3854 862 3914 que
874 3836 1067 3915 sequuntur³
1091 3834 1277 3896 Letaniam.
1294 3844 1335 3897 ut
1348 3856 1401 3897 su-

794 3931 861 4001 pra
876 3943 947 3983 curu
962 3921 1030 3984 hies
1053 3921 1260 3983 erateeuibus.
1308 3922 1403 3985 Deus

800 4027 857 4088 qur
875 4007 1000 4070 famulo
1013 4018 1070 4071 tuo
1080 4007 1218 4071 ezechie
1259 4006 1406 4090 Respice

834 4133 841 4162 ¹
860 4135 903 4192 So,
913 4134 1068 4198 apparently,
1080 4133 1264 4198 MS.,perhaps
1272 4135 1408 4187 lordicunt

800 4206 845 4337 ter}
859 4265 938 4313 Word
949 4264 1039 4328 hardly
1049 4263 1148 4329 legible.

833 4327 844 4358 ³
861 4330 928 4393 Page
939 4339 986 4390 207
998 4330 1139 4378 continued.

814 4424 818 4429 -
832 4392 842 4424 ⁴
858 4411 915 4443 cum
926 4395 1073 4459 apparently
1084 4393 1174 4443 should
1185 4393 1219 4443 be
1229 4395 1358 4459 supplied.

832 4458 842 4490 ⁵
859 4461 998 4513 romitted.
1207 4456 1218 4489 ⁶
1234 4474 1252 4507 n
1263 4461 1384 4512 omitted.
