3096 5092
581 352 796 402 COMMENDA
803 354 828 402 T
824 354 864 403 Jo
879 355 1042 407 ΑΝΙΜΑΕ.

446 485 505 549 127
1112 476 1171 537 128

180 581 374 661 peccauerit.
385 590 498 642 tamen
513 590 545 642 te
559 601 624 642 non
637 581 781 662 negauit.
1043 583 1207 679 sOramas.
1304 586 1357 668 [p.
1375 602 1443 666 227.

179 667 238 729 sed
258 668 353 748 5Ῐὲΰο
371 667 446 730 fidei
470 668 657 748 lssSigssstUS·
674 669 780 749 te<lui
891 696 1009 759 Artem
1048 697 1145 760 beate
1185 699 1441 761 resurrectionis

179 755 292 816 omnia
309 764 432 816 etcum
449 755 535 816 inter
546 756 658 816 omnia
675 754 780 817 fecisti
898 784 1056 846 obtineat·
1080 786 1254 867 uitamque
1286 795 1439 849 eternam

180 840 321 903 fideliter
348 841 508 903 adorauit·
536 839 602 921 QUi
633 842 718 941 uini?
741 852 780 941 ,et
829 869 951 931 habere
975 881 1139 934 mereatur
1162 872 1194 933 in
1218 872 1310 935 celis.
1330 893 1393 954 per
1410 882 1441 936 te

181 948 299 1009 regnas
326 926 415 990 deus·
438 948 503 1009 Pes·
534 927 623 989 TW
646 938 781 1009 ²⁷²⁶²p²a²
829 956 921 1019 ihesu
959 957 1081 1020 christe
1119 958 1270 1021 saluator
1309 960 1437 1023 mundi.

180 1025 292 1076 cantor
304 1013 389 1076 lzaac
402 1013 619 1095 antiphonam.
637 1014 778 1114 ¹Chorus
831 1042 897 1124 Qui
911 1064 985 1107 cum
999 1054 1093 1125 patre
1109 1055 1143 1107 et
1158 1047 1280 1128 spiritu
1298 1050 1439 1110 sanem}

180 1101 373 1182 angelorum
411 1111 445 1163 te
479 1102 637 1182 suscipiat
675 1111 708 1164 et
745 1123 779 1163 m

180 1189 306 1250 sinibus
322 1188 445 1250 abrahe
461 1188 505 1249 ibi
529 1199 562 1251 te
578 1188 724 1250 collocet.
742 1200 780 1250 ut
1057 1205 1203 1269 Oramus·

180 1295 255 1336 cum
288 1274 397 1336 lazaro
428 1272 779 1374 qu⁰dam†2.paupere
905 1318 974 1378 Eus
991 1319 1042 1380 cui
1066 1318 1126 1380 soli
1149 1339 1222 1380 com
1249 1320 1314 1381 etit
1334 1320 1437 1382 medi-

181 1371 329 1423 eternam
367 1361 490 1423 habeas
528 1382 683 1442 requrem.
722 1361 778 1423 Ps.
836 1317 899 1445 D
935 1405 942 1416 .
1225 1339 1248 1399 p

109 1448 114 1459 “
183 1448 309 1510 Dilexil
329 1448 433 1529 Usque
447 1447 502 1511 Ad
513 1448 686 1510 dominum
704 1469 779 1510 cum
914 1424 1023 1466 emam
1054 1415 1143 1486 ptest

1146 1426 1201 1467 are
1231 1415 1312 1485 post
1351 1427 1435 1469 mor-

829 1500 908 1552 tem.
924 1491 1033 1553 tribue
1051 1512 1232 1573 quesumus
1257 1502 1297 1555 ut
1321 1495 1436 1556 anima

830 1577 945 1640 famuli
983 1579 1031 1640 tui
1071 1578 1111 1640 N.
1150 1581 1291 1642 terrenis
1332 1591 1437 1643 exuta

829 1666 1000 1746 contagiis.
1032 1666 1065 1727 in
1103 1674 1160 1728 tue
1191 1667 1436 1749 redemptionis

829 1761 923 1832 parte
950 1763 1146 1814 numeretur.
1170 1753 1233 1815 Per
1260 1753 1435 1818 christum.

188 1852 300 1980 Dlri
317 1851 460 1912 uulneris
477 1851 626 1911 nouitate
639 1849 779 1930 perculsi

264 1947 297 2000 et
328 1936 593 2021 [quodammodo
632 1936 675 2018 [p.
708 1937 779 1998 226.
1059 1913 1202 1977 oremus.

181 2025 335 2088 cordibus
356 2024 501 2086 sauciati.
519 2024 778 2086 misericordiam
831 2024 1006 2155 SUscipe
1076 2027 1211 2087 domine
1284 2028 1433 2090 animam

180 2122 272 2174 tuam
286 2112 401 2173 mundi
415 2111 605 2191 redemptor
616 2109 779 2173 flebilibus
889 2111 1002 2173 famuli
1020 2113 1067 2174 tui
1084 2122 1307 2175 reuertentem
1325 2116 1371 2177 ad
1393 2123 1432 2177 te.

180 2200 317 2260 uocibus
362 2197 586 2278 imploramus.
632 2207 668 2259 ut
713 2198 779 2259 cari
828 2208 921 2260 ueste
944 2198 1055 2261 celesti
1081 2201 1181 2261 indue
1196 2220 1280 2261 eam.
1298 2211 1333 2263 et
1358 2201 1433 2264 laua

180 2287 283 2347 nostri
301 2285 340 2346 N.
357 2287 503 2345 animam
520 2284 563 2345 ad
583 2293 617 2346 te
633 2285 689 2365 qui
705 2284 779 2346 fons
828 2306 902 2347 eam
934 2297 1051 2348 sancto
1083 2286 1175 2347 fonte
1208 2288 1278 2349 uite
1308 2296 1430 2350 eterne.

180 2374 313 2454 pietatis
341 2392 375 2433 es
405 2380 626 2432 reuertentem
657 2371 779 2433 blande
828 2381 865 2434 ut
888 2373 973 2434 inter
1003 2373 1188 2454 gaudentes
1213 2374 1372 2454 gaudeat.
1399 2386 1431 2437 et

180 2460 363 2540 leniterque
390 2459 557 2539 suscipias,
583 2467 615 2519 et
642 2459 669 2519 si
696 2478 779 2539 quas
828 2459 913 2521 inter
936 2461 1102 2540 sapientes
1135 2461 1251 2541 sapiat.
1285 2469 1319 2522 et
1345 2462 1431 2524 inter

180 2545 236 2608 illa
273 2567 316 2607 ex
355 2545 477 2606 carnali
517 2546 779 2607 commoratione
828 2555 989 2627 martyres
1013 2556 1171 2609 coronata
1194 2548 1378 2610 consideat.
1399 2559 1431 2611 et

181 2633 349 2696 contraxit
365 2631 518 2693 maculas.
529 2641 565 2694 tu
582 2631 665 2693 deus
680 2631 778 2694 solita
827 2633 913 2695 inter
950 2634 1152 2714 patriarchas
1197 2633 1360 2714 proficiat.
1400 2646 1431 2698 et

180 2720 329 2783 bonitate
359 2719 539 2780 clementer
573 2718 691 2779 deleas
723 2719 777 2800 pie
827 2720 913 2781 inter
943 2721 1113 2802 apostolos
1144 2720 1304 2783 christum
1336 2723 1430 2803 sequi

181 2807 361 2888 indulgeas
407 2805 565 2867 obliuioni
619 2815 778 2887 perpetue
826 2808 968 2868 studeat.
981 2818 1015 2868 et
1030 2809 1116 2869 inter
1125 2804 1279 2890 [angelos
1298 2804 1345 2891 [p
1360 2810 1430 2871 228.

181 2895 301 2956 tradas
319 2902 419 2974 atque
445 2892 531 2953 hanc
558 2891 691 2953 laudem
716 2892 777 2953 tibi
827 2903 860 2955 et
898 2893 1114 2974 archangelos
1152 2892 1338 2956 claritatem
1378 2896 1430 2959 dei

181 3001 256 3042 cum
288 2981 404 3042 ceteris
436 2980 637 3041 reddituram
669 2988 702 3040 et
736 2980 778 3041 ad
827 3001 959 3061 semper
977 2982 1094 3042 uideat.
1112 2989 1146 3042 et
1168 2983 1252 3043 inter
1271 2983 1429 3064 paradysi

181 3088 299 3148 corpus
355 3067 523 3146 proprium
578 3065 779 3146 quandoque
827 3066 942 3129 rutilos
988 3067 1113 3148 lapides
1152 3069 1312 3148 gaudium
1356 3090 1430 3151 pos-

181 3173 392 3215 reuersuram.
424 3162 613 3214 sanctorum
645 3162 778 3214 tuorum
827 3154 941 3216 sideat.
955 3165 988 3216 et
1004 3153 1256 3216 intercherubin
1271 3157 1430 3218 noticiam

180 3241 307 3302 cetibus
330 3240 501 3321 aggregari
525 3240 694 3319 precipias
713 3238 779 3320 Qui
828 3242 1048 3304 misteriorum
1088 3242 1142 3303 dei
1187 3253 1360 3322 agnoscat.
1399 3253 1431 3306 et

180 3348 256 3390 curn
273 3328 336 3390 deo
352 3335 446 3409 patre
461 3336 495 3387 et
518 3326 634 3406 spiritu
654 3336 777 3389 sancto.
827 3329 912 3390 inter
949 3327 1102 3409 seraphin
1144 3327 1329 3390 claritatem
1378 3330 1431 3393 dei

179 3414 233 3477 laic
255 3422 344 3494 rogat
370 3412 514 3474 sacerdos
543 3433 637 3473 arara
658 3423 720 3493 pra
746 3434 780 3474 aa
828 3416 983 3477 inueniat.
1001 3428 1034 3476 et
1050 3416 1136 3477 inter
1150 3415 1269 3496 uiginti
1286 3425 1432 3497 quatuor

180 3501 309 3563 dz'caado
327 3501 424 3562 Pater
439 3510 557 3561 noster.
585 3500 630 3561 Et
652 3521 693 3561 ne
710 3521 777 3562 nos.
829 3503 975 3564 seniores
1031 3503 1161 3563 cantica
1220 3503 1430 3566 canticorum

181 3589 259 3650 Non
290 3590 391 3649 intres
431 3588 463 3648 in
503 3586 672 3648 iuditium⁵
703 3608 778 3648 cum
828 3590 950 3652 audiat.
977 3598 1010 3650 et
1037 3590 1122 3650 inter
1149 3588 1300 3651 lauantes
1325 3590 1431 3654 stolas

180 3696 276 3737 seruo
302 3687 361 3736 tuo
387 3675 528 3735 domine.
546 3675 586 3734 al.
615 3673 777 3755 Requiem
828 3677 861 3737 in
889 3675 980 3737 fonte
1012 3675 1145 3737 luminis
1176 3684 1306 3737 uestem
1330 3676 1430 3741 lauet.

180 3774 328 3825 eternam
361 3762 449 3823 dona
481 3757 551 3844 [ei⁶]
576 3760 711 3822 domine
745 3759 776 3821 A
827 3772 860 3824 et
905 3763 990 3824 inter
1034 3763 1204 3844 pulsantes
1249 3762 1434 3845 depulsans

181 3859 277 3930 porta
317 3848 418 3910 inferi.
458 3847 624 3909 Dominus
669 3848 778 3909 uobis·
827 3858 939 3931 portas
956 3861 1087 3930 apertas
1102 3849 1232 3910 celestis
1253 3850 1432 3915 ierusalem

181 3956 265 3997 cum.
827 3937 968 4016 reperiat
980 3960 996 4008 ε,
1009 3948 1042 3998 et
1058 3937 1142 3998 inter
1157 3936 1312 3997 uidentes
1329 3938 1433 4001 deum

828 4022 910 4084 facie
934 4025 976 4084 ad
1002 4023 1119 4085 faciem
1145 4022 1264 4085 uideat
1282 4033 1319 4086 et
1346 4026 1436 4090 inter

213 4119 374 4169 1-1N0ted.
827 4120 1001 4171 cantantes
1067 4110 1233 4172 canticum
1302 4131 1434 4176 nouum

212 4186 437 4281 ssfprquondam.
827 4206 948 4258 cantet.
1007 4206 1040 4258 et
1106 4198 1191 4258 inter
1254 4200 1436 4264 audientes

211 4255 570 4377 4ἐῇβζῖᾓῗξὲοξζὲςξῇῐουςὴ,
616 4311 619 4317 ·
826 4284 977 4346 auditum
1012 4283 1142 4345 celestis
1181 4283 1254 4344 soni
1305 4289 1437 4353 audiat.

211 4381 221 4412 ⁵
237 4388 253 4431 ῐι
265 4383 356 4441 added,
370 4383 449 4429 above
461 4397 493 4428 an
504 4395 608 4428 erasure.
827 4370 889 4432 Pel'
900 4371 1051 4432 eundem.
1065 4371 1230 4432 Dominus
1243 4371 1436 4440 uobiscum.

210 4448 220 4479 ⁶
240 4448 330 4496 Added
342 4447 367 4495 in
379 4448 441 4493 later
458 4446 525 4493 hand
545 4445 625 4492 above
644 4445 686 4492 the
706 4460 779 4508 space

177 4517 261 4563 where
272 4513 308 4561 eis
318 4513 363 4561 hos
375 4512 438 4559 been
450 4511 543 4559 eraserl.
858 4504 866 4536 ¹
883 4507 946 4556 uiuis
958 4516 982 4556 et
994 4524 1082 4572 regnas
1093 4506 1176 4557 added
1184 4506 1218 4570 by
1226 4506 1290 4558 later
1299 4510 1382 4565 hand,

181 1535 355 1598 tribularer
383 1536 453 1596 siae
475 1534 580 1616 gloria
603 1536 696 1616 patri.
721 1535 781 1598 Ea

179 1622 323 1684 sacerdos
337 1622 516 1702 sabr'uagat
527 1622 597 1683 siaa
615 1621 773 1685 Oramus.4
