3096 5092
603 259 658 308 DE
673 257 922 309 INUNCTIONE.

421 394 478 441 111

141 490 219 552 audi
236 510 297 551 nos
313 510 373 572 pro
388 488 514 551 famulo
530 498 588 551 tuo
601 508 660 570 pro
675 507 743 570 quo

144 577 365 639 misericordie
417 586 473 638 tue
526 575 742 656 imploramus

142 663 329 726 auxilium:
352 672 389 725 ut
416 663 545 725 reddita
569 662 632 724 sibi
659 662 745 724 sani·

144 759 213 812 tate
240 750 421 832 gratiarum
448 749 508 812 tibi
539 750 572 811 in
604 748 743 810 ecclesia

143 845 201 899 tua
253 835 371 899 reserat
423 837 596 899 actionem.
670 835 743 897 Per1

143 924 324 986 dominum.

372 1089 516 1153 Orencus.

221 1218 290 1280 Eus
342 1217 543 1281 infirmitatis
599 1217 744 1280 humane

228 1304 395 1386 singulare
418 1306 608 1387 presidium.
626 1304 743 1367 auxilii

144 1392 192 1454 tui
208 1412 307 1473 super
330 1391 497 1454 infirmum
521 1401 670 1455 nostrum
692 1412 744 1453 os-

1072 390 1136 437 112

793 487 926 569 pietatis
950 496 1169 569 peccatorum
1187 504 1332 549 suorum
1353 504 1396 546 ue

793 574 882 635 niam
899 574 1065 655 consequi.
1081 583 1115 637 et
1133 574 1182 636 ad
1196 573 1311 636 uitam
1327 581 1396 634 eter-

793 680 869 722 nam
894 661 1066 741 peruenire
1088 669 1279 723 mereatur.
1327 655 1397 720 Per.l

793 746 861 808 Hic
897 747 1043 828 intingat
1076 747 1235 810 sacerdos
1260 745 1398 828 pollicem

792 833 942 895 dextrum
958 834 993 896 in
1015 835 1119 897 alcum
1141 833 1363 915 infirmorum
1375 841 1400 894 ct

792 921 934 1002 inungat
954 922 1064 1002 primo
1089 920 1225 982 oculum
1254 920 1399 982 dextrum

787 1018 897 1087 postea
911 1008 1084 1070 sinistrum
1100 1007 1136 1071 in
1149 1007 1296 1070 modum
1307 1005 1400 1069 crun‘s

794 1095 843 1156 ita
857 1094 996 1158 dicendo.

854 1305 900 1367 Er
921 1306 1018 1367 istam
1035 1305 1233 1367 unctionem
1257 1313 1297 1367 et
1312 1324 1399 1367 suam

861 1392 1043 1473 piissimam
1065 1392 1339 1455 misericordiam
1357 1392 1399 1453 in-

145 1480 246 1541 tende
271 1480 437 1542 uirtutem.
465 1487 502 1541 ut
525 1499 589 1560 ope
620 1479 744 1540 miseri·
792 1478 929 1560 dulgeat
958 1478 1018 1541 tibi
1049 1478 1209 1543 dominus
1240 1478 1399 1560 quicquid

146 1566 257 1628 cordie
283 1576 340 1628 tue
367 1565 500 1628 adiutus
525 1564 663 1628 ecclesie.
689 1575 746 1627 tue
794 1566 946 1648 peccasti.
987 1565 1048 1627 Per
1070 1566 1190 1627 uisum.
1234 1564 1401 1628 Sirnz'litcr

148 1662 262 1715 sancte
308 1653 524 1735 representari
571 1662 744 1714 mereatur.
792 1663 889 1734 snper
916 1673 1012 1714 anres
1042 1651 1172 1713 dicendo
1205 1653 1273 1715 Per
1305 1654 1397 1714 istam

146 1740 208 1801 Per
240 1740 436 1802 dominum.2
501 1738 550 1800 Et
583 1738 746 1800 sciendum

144 1826 233 1907 quod
258 1826 387 1906 qnando
425 1825 579 1906 infirmus
610 1835 745 1906 tempore

147 1913 343 1975 inunctionis
401 1913 635 1974 cotrztnnnicari
690 1933 744 1973 no-

144 1998 282 2084 sluerit:
304 1998 403 2062 abbas
425 2020 480 2060 seu
497 2000 596 2079 prior
609 1998 653 2081 [p.
672 2015 742 2061 200.

147 2086 201 2147 uel
221 2107 329 2148 eorum
356 2087 502 2147 uz'corins
530 2085 568 2146 de
597 2084 654 2147 lenc
670 2097 744 2166 pre·

148 2173 295 2235 rnnnitns
313 2182 418 2252 ponat
430 2173 578 2253 pixidem
594 2193 665 2234 cnm
680 2192 746 2234 cor·

140 2271 219 2340 pore
247 2260 374 2321 domini
401 2259 436 2320 in
473 2259 600 2321 calicem
622 2267 746 2339 patena

146 2347 349 2427 superposita.
374 2355 405 2408 et
433 2347 589 2427 cooperiat
617 2346 745 2407 calicem

141 2445 253 2516 panno
266 2434 365 2495 serico
380 2442 411 2495 et
419 2434 570 2513 procedat
583 2453 654 2494 cnm
669 2444 746 2514 pro-

146 2521 282 2582 cessione
311 2529 350 2581 ut
375 2532 476 2601 supra
504 2520 552 2581 ad
578 2520 747 2601 infirmnm

146 2607 343 2669 subsacrista
368 2608 467 2669 etiam
486 2608 670 2668 lanternam
697 2627 747 2667 ac-

146 2715 272 2756 censam
302 2703 334 2755 et
369 2695 526 2756 urceolum
563 2714 635 2755 cnm
672 2694 749 2754 aino

148 2781 314 2860 defferente
382 2781 464 2843 Hiis
500 2781 629 2861 expletas
661 2780 751 2842 dicat

147 2868 292 2930 sacerdos
308 2868 474 2930 Dominus
490 2867 672 2929 uobiscum.

379 3042 522 3106 Oremns.

150 3153 418 3283 OMnipotens
441 3154 641 3235 sempiterne
667 3153 748 3215 deus

231 3241 288 3321 qui
315 3261 374 3321 per
398 3240 532 3302 beatum
558 3240 747 3322 apostolum

148 3337 243 3390 tuum
273 3328 410 3389 dixisti:
457 3326 642 3389 infirmatur
675 3329 749 3408 quis

149 3415 181 3476 in
231 3414 326 3476 uobis
365 3414 501 3476 inducat
548 3413 747 3495 presbiteros

147 3500 285 3564 ecclesie
300 3510 333 3562 et
356 3511 449 3563 orent
477 3520 575 3581 super
590 3520 666 3562 eum
689 3521 748 3562 un-

146 3598 287 3669 guentes
325 3608 401 3650 eum
429 3586 503 3650 oleo
541 3589 574 3648 in
613 3589 747 3650 nomine
1137 3648 1142 3660 Ι
1179 3648 1185 3660 ι

147 3676 274 3737 domini
305 3685 338 3737 et
370 3675 475 3737 oratio
502 3674 579 3737 fidei
605 3674 748 3737 saluabit
792 3657 856 3729 gal
902 3647 986 3710 llam
1032 3648 1281 3710 benedtclwnem·
1361 3649 1401 3711 In

147 3762 322 3824 infirmum.
376 3771 409 3824 et
458 3760 627 3823 alleuiabit
671 3781 746 3823 eum

146 3850 303 3912 dominus
333 3859 366 3911 et
397 3849 424 3911 si
458 3849 491 3910 in
522 3849 668 3931 peccatis
706 3849 748 3910 sit

147 3937 359 3998 dimittentur
405 3936 441 3997 ei.
482 3945 516 3998 te
554 3933 747 4017 suppliciter

148 4043 334 4085 exoramus,
346 4031 383 4084 ut
392 4023 445 4084 hic
456 4020 613 4102 famullus
624 4020 747 4102 [p.201.

149 4119 225 4172 tuus
241 4131 299 4191 per
315 4110 533 4171 ministerium
556 4122 667 4170 nostre
688 4130 747 4170 un-

145 4198 266 4259 ctionis
303 4206 337 4258 et
376 4199 502 4259 donum
540 4205 596 4257 tue
634 4206 747 4258 sancte

180 4359 187 4388 ¹
206 4358 333 4407 Christum
345 4357 428 4406 added
439 4358 473 4420 by
484 4358 546 4406 later
557 4357 632 4405 hand.

179 4421 189 4450 ²
207 4425 326 4472 Nostrum
338 4422 421 4471 added
433 4423 467 4486 by
478 4424 540 4471 later
551 4423 625 4471 hand.

794 1740 994 1802 unctionem.
1099 1740 1162 1801 Per
1235 1740 1397 1801 auditum.

795 1826 964 1888 Similiter
986 1837 1082 1908 snper
1108 1846 1143 1888 os
1171 1825 1312 1889 dicendo
1343 1826 1400 1888 Per
1469 1870 1471 1877 .

794 1913 891 1975 istam
914 1914 1104 1975 unctionem
1128 1924 1161 1974 et
1176 1933 1279 1975 suam
1297 1912 1398 1995 piissi-

794 2020 892 2062 mam.
940 1999 1001 2061 Per
1016 2008 1158 2081 gustum.
1182 1999 1235 2061 Et
1255 2020 1321 2082 per
1343 1999 1399 2061 illi·

793 2088 859 2149 cita
870 2086 978 2148 uerba.
1026 2085 1399 2167 Similitersupernarcs

795 2173 925 2234 dicendo
961 2173 1022 2235 Per
1052 2174 1150 2235 istam
1190 2174 1397 2235 unctionem.

798 2261 860 2322 Per
869 2260 1054 2322 odoratum.
1066 2257 1081 2344 s
1084 2259 1253 2322 Similiter
1267 2259 1315 2341 [p.
1330 2275 1396 2323 202.

795 2358 891 2428 snper
921 2367 1045 2408 manns.
1087 2345 1132 2408 Si
1158 2346 1311 2408 sacerdos
1333 2347 1396 2408 sit:

797 2434 1004 2514 inungantur
1016 2453 1134 2497 ananus
1153 2432 1224 2494 eries
1249 2433 1397 2495 exterius.

795 2521 873 2600 quea
889 2521 989 2601 prins
1003 2520 1130 2582 inuncto
1146 2520 1298 2599 fuerunt
1322 2520 1398 2581 intc-

798 2608 875 2669 rins.
906 2607 960 2669 sin
990 2616 1097 2668 autem
1111 2629 1123 2669 .·
1189 2606 1400 2688 inungantur

799 2694 936 2755 interius
958 2694 1007 2756 ita
1028 2693 1165 2756 dicenda.
1213 2694 1277 2756 Per
1301 2695 1397 2756 istam

798 2782 998 2843 unctionem.
1039 2782 1100 2843 Per
1116 2789 1252 2843 tactum.
1294 2780 1398 2844 Simi-

797 2868 873 2930 liter
893 2878 988 2948 super
1001 2867 1096 2948 pedes
1118 2867 1166 2929 ita
1180 2866 1315 2929 dicendo
1340 2868 1399 2929 Per

798 2956 897 3016 istam
910 2956 1109 3016 unctionem.
1150 2955 1210 3016 Per
1222 2955 1397 3017 incessum.

798 3041 924 3103 Deinde
938 3052 1034 3123 super
1049 3041 1137 3103 latus
1156 3040 1335 3103 sinistrum
1351 3040 1402 3103 nel

796 3139 893 3209 snper
928 3125 1142 3202 ambicnlnml
1170 3127 1303 3189 dicenda
1340 3129 1400 3190 Per

797 3215 895 3276 istam
923 3216 1122 3277 unctionem.
1179 3215 1242 3276 Per
1268 3214 1400 3278 illicitas

797 3302 1017 3382 cogitationes
1059 3301 1107 3363 Et
1150 3320 1208 3383 per
1245 3302 1399 3364 ardorem

798 3387 951 3450 libidinis.
1022 3388 1084 3450 Ad
1138 3408 1401 3470 unamquamque

797 3475 974 3536 coactionem
1012 3483 1185 3536 conuentus
1221 3474 1403 3556 subiungat

799 3560 918 3623 Amen.
956 3570 1068 3642 postca
1091 3560 1236 3622 sacerdos
1265 3562 1400 3625 subiun-

800 3735 934 3796 nomine
961 3734 1064 3818 patris
1080 3743 1114 3796 et
1140 3734 1197 3795 filii
1214 3743 1248 3796 et
1264 3735 1402 3817 spiritus

798 3823 911 3883 sancti.
928 3822 971 3884 sit
987 3821 1046 3883 tibi
1063 3820 1123 3883 hec
1139 3821 1202 3882 olei
1226 3823 1343 3885 unctio
1359 3824 1403 3887 ad

798 3908 1059 3989 purificationem
1072 3909 1231 3969 mentiset
1241 3910 1404 3991 corporis.

797 3994 839 4056 ad
882 3997 1052 4057 munimen
1092 4003 1126 4056 et
1169 3993 1404 4074 defensionem

797 4091 912 4143 contra
926 4082 1032 4145 iacula
1044 4082 1294 4147 immundorum
1307 4084 1405 4166 spiri-

796 4171 912 4230 tuum.2

829 4357 836 4384 ¹
855 4355 993 4402 Dominum
1002 4361 1114 4403 nostrum
1123 4328 1207 4403 added
1215 4353 1241 4402 in
1250 4355 1318 4406 later
1324 4358 1406 4409 hand.

827 4417 838 4448 ²
855 4421 938 4468 Amen
949 4420 975 4468 in
987 4420 1083 4484 margin
1095 4420 1168 4482 (later
1177 4418 1267 4481 hand).
