3096 5092
518 335 601 393 nnn.
627 336 653 391 V.
672 335 721 385 m
735 333 858 385 eoem
878 334 1029 401 potum

432 467 476 537 79
1082 452 1125 515 80

151 565 296 629 absolue.
314 564 451 628 redeant
467 564 510 628 ad
523 565 685 627 unitatem
698 583 751 627 ec·
799 581 861 624 uos
876 561 919 624 ab
934 562 1026 625 omni
1049 562 1147 627 malo.
1168 573 1207 626 et
1232 575 1409 629 conseruet

150 651 250 714 clesie
265 660 323 715 tue
337 661 371 715 et
387 661 463 733 post
479 651 569 714 illam
586 652 692 714 diram
703 651 751 712 in·
799 667 860 711 uos
893 649 927 711 in
965 650 1056 712 omni
1092 670 1196 731 opere
1237 652 1344 715 bono.
1380 662 1410 717 et

150 747 224 821 opis
236 739 327 801 exilii
338 738 460 800 famem
474 739 649 801 redeuntes
659 747 752 800 ueste
799 734 960 816 perducat
992 756 1053 799 nos
1080 737 1207 817 pariter
1232 739 1280 801 ad
1307 740 1408 802 uitam

150 825 326 906 splendida
362 835 486 888 ornate.
513 826 683 907 gaudeant
716 844 752 886 se
799 831 956 885 eternam.
980 832 1014 885 et
1035 823 1079 886 ab
1096 824 1190 886 omni
1216 825 1315 889 malo
1339 847 1407 889 cus-

151 921 291 993 paterno
315 921 465 995 receptas
489 932 561 974 esse
587 911 749 974 conuiuio.
800 908 907 972 todiat
953 929 1013 972 nos
1053 909 1221 975 dominus.
1285 911 1407 977 Amen

151 999 251 1062 nichil
278 999 403 1062 honore
426 999 624 1082 adoptionis.
650 996 749 1060 nichil
799 994 1023 1077 Hitsfinitzs:
1035 997 1106 1078 fiat
1125 1017 1235 1061 sermo
1257 1000 1292 1061 si
1298 1000 1410 1080 fum't

150 1086 193 1147 de
220 1084 413 1148 hereditatis
436 1096 524 1149 sorte
549 1084 751 1167 perdiderint
798 1081 969 1144 habendus.
986 1092 1016 1145 et
1026 1093 1223 1147 moneantur
1224 1087 1408 1166 penitentes

151 1173 209 1236 sed
227 1174 392 1254 integrum
413 1173 456 1236 sit
477 1173 524 1235 eis
551 1181 652 1253 atque
679 1192 750 1253 per-
798 1169 1053 1250 quodpenitende
1062 1169 1247 1235 diluerint:
1260 1172 1407 1236 iterando

150 1268 299 1341 petuum.
316 1268 350 1322 et
364 1261 455 1341 quod
477 1260 583 1342 gratia
599 1269 657 1321 tua
672 1279 749 1321 con·
798 1275 861 1317 non
876 1256 1083 1318 committant.
1140 1256 1228 1320 Post
1248 1258 1309 1322 hec
1330 1260 1405 1322 acci-

149 1346 226 1408 tulit
256 1354 290 1409 et
320 1348 410 1427 quod
444 1347 673 1411 misericordia‘
692 1355 750 1407 tua
790 1341 892 1423 piant
916 1342 1066 1404 ministri
1084 1344 1205 1406 altaris
1229 1366 1358 1409 crucem
1379 1356 1408 1408 et

150 1432 361 1496 reformauit:
386 1433 448 1495 Per
468 1434 627 1496 christum
643 1433 749 1497 domi·
797 1448 897 1490 cereos
910 1429 981 1491 sine
994 1430 1122 1492 lumine.
1146 1440 1179 1493 et
1197 1430 1405 1496 thun’bulum
1444 1507 1447 1511 .

149 1539 229 1582 num
241 1529 400 1584 nostrum,
797 1515 868 1576 sine
891 1516 1087 1579 carbonibus.
1109 1526 1141 1579 et
1164 1538 1292 1598 aquam
1319 1520 1404 1583 bene·

798 1602 926 1665 dictam.
942 1612 973 1664 et
993 1603 1146 1665 dieconus
1171 1605 1310 1686 uz'rgam
1336 1627 1404 1669 cum

375 1675 552 1739 Absolutio.
799 1689 905 1752 tribus
932 1690 1057 1752 cereoli's
1092 1711 1154 1752 nen
1193 1693 1343 1756 accensis.
1376 1703 1406 1756 et

147 1784 431 1915 [OMnipotens
447 1789 529 1850 deus
544 1787 600 1867 qui
622 1786 665 1868 [μ
682 1802 748 1864 14¹·
790 1777 1138 1876 procedantnadnloeum
1154 1778 1212 1840 ubi
1222 1778 1403 1843 benedicen-

236 1873 324 1936 dixit
334 1874 389 1953 qui
401 1894 454 1936 me
467 1873 636 1936 confessus
652 1873 749 1936 fuerit
798 1863 860 1923 dus
889 1873 936 1925 tsi
964 1884 1058 1944 ΨΜ.
1093 1874 1252 1963 Seqtfalur
1282 1867 1401 1931 Abbas.

149 1979 260 2021 coram
286 1959 485 2022 hominibus.
509 1959 693 2022 confitebor
715 1969 749 2022 et
797 1949 1029 2029 Stltuemant
1050 1961 1199 2031 tulimus
1220 1953 1403 2027 semitribus

147 2064 212 2126 ego
228 2065 303 2107 eum
327 2066 438 2108 coram
462 2055 556 2128 patre
579 2067 655 2109 meo
678 2046 749 2127 ipse
790 2036 1029 2116 precedentibus
1037 2040 1402 2102 cantantesalternatim

149 2152 210 2194 uos
258 2132 434 2196 benedicat
483 2144 517 2195 et
568 2129 748 2196 custodiat1
789 2123 1109 2204 psalmosMiserere.
1141 2122 1214 2208 [Ad
1225 2135 1260 2187 ῖθ
1274 2125 1318 2208 [Ρ
1335 2143 1400 2206 Ῑ43·

148 2239 280 2299 semper
325 2220 448 2300 detque
494 2221 588 2283 uobis
635 2220 748 2282 remis.
798 2208 932 2272 domine
949 2210 1064 2273 leuaui.
1079 2211 1149 2272 sine
1173 2211 1292 2275 Gloria
1306 2215 1400 2296 patri.

148 2306 276 2367 sionem
314 2317 526 2387 peccatorum
567 2317 601 2371 et
643 2308 747 2372 uitam
801 2296 942 2377 Cumque
956 2297 1169 2396 perueneritzt
1195 2299 1245 2361 ad
1267 2300 1401 2381 egerem:

147 2402 305 2456 eternam,
323 2413 429 2456 amen,
798 2383 960 2446 benedicat
984 2384 1097 2447 Abbas
1122 2405 1228 2466 ignem
1260 2386 1402 2449 deentssa

798 2491 868 2532 uoce
882 2470 980 2550 quasi
991 2472 1118 2553 legende
1132 2471 1189 2533 loc
1202 2473 1304 2537 mode.

358 2571 538 2634 Absolutio.

156 2679 368 2808 DOminus
393 2682 503 2745 ihesus
526 2683 667 2746 christus
691 2683 747 2765 qui
1032 2673 1177 2738 oremus.

238 2768 325 2831 dixit
359 2770 529 2851 discipulis
563 2771 631 2834 suis
668 2791 747 2852 que-

147 2873 291 2935 cumque
306 2855 486 2938 ligaueritis
499 2877 597 2938 super
608 2866 748 2919 terram:

149 2939 251 3022 ligata
275 2952 372 3005 erunt
395 2953 428 3005 et
456 2944 488 3005 in
510 2943 589 3006 celo.
611 2953 646 3006 et
669 2965 748 3025 que·
800 2973 872 3037 ficie

148 3028 470 3108 cumquesolueritis
491 3040 748 3112 superterram:
798 3082 886 3124 num·
916 3063 1038 3125 exaudi
1063 3084 1124 3126 nos
1149 3063 1291 3127 famulos
1323 3075 1399 3130 tuos

147 3124 245 3176 erunt
255 3114 364 3177 soluta
375 3125 408 3178 et
418 3117 451 3178 in
462 3116 540 3179 celo.
552 3117 594 3179 de
606 3137 747 3197 quorum
797 3158 830 3210 et
860 3149 1042 3222 beneffldic
1073 3150 1159 3212 hunc
1190 3152 1312 3232 ignem·
1342 3154 1400 3235 qui

149 3219 287 3263 flumem
315 3203 471 3302 §lamnis
502 3204 656 3285 indigum
687 3223 748 3266 ¹¹⁰5
798 3244 856 3297 tua
878 3235 1140 3299 sanctificatione
1170 3247 1203 3299 et
1230 3237 1400 3303 bene¹dic·

149 3307 221 3348 esse
233 3287 348 3350 uolurt.
359 3309 430 3370 ipse
446 3310 506 3352 uos
522 3290 674 3352 absoluat
690 3311 749 3372 per

187 3374 228 3386 ..
301 3376 308 3388 .
677 3377 683 3390 .
798 3322 888 3384 tione
904 3332 1119 3386 consecretur.
1136 3332 1172 3386 tu
1199 3326 1256 3405 qui
1277 3325 1400 3389 illumi-

148 3382 367 3437 mmffitenum
379 3384 528 3439 nostrum
539 3377 582 3439 ab
594 3377 748 3476 ⁰m¹¹¹b¹ls
798 3430 857 3471 nas
873 3429 1007 3472 omnem
1024 3410 1193 3473 hominem
1207 3413 1398 3477 uenientem

149 3462 294 3540 peccatis
310 3463 428 3525 uestris
440 3483 649 3544 quecumque
659 3484 747 3546 cogr—
796 3496 830 3557 in
882 3495 970 3558 hunc
1024 3497 1194 3561 mundum,
1247 3498 1401 3564 illumina

148 3556 283 3610 tamne·
311 3548 485 3612 locutmne·
509 3560 610 3631 atque
633 3571 748 3632 Opera·
796 3581 1057 3664 co[n²]scientias
1073 3585 1181 3647 cordis
1200 3587 1304 3648 nostri
1321 3587 1401 3668 igne

148 3633 247 3697 time·
278 3636 484 3737 negligente?
514 3638 636 3718 egistis·
666 3647 700 3701 et
726 3658 746 3700 a
794 3679 851 3732 tue
874 3671 1027 3732 caritatis.
1053 3680 1089 3733 ut
1112 3681 1171 3733 tuo
1193 3672 1270 3753 igne
1293 3673 1401 3755 igniti

147 3730 358 3801 9(ῗοοἓήοΙΊΠΠ
397 3724 541 3786 nex¹b¹¹⁵
574 3723 745 3787 abs⁰l¹¹t⁰⁵
795 3765 854 3819 tuo
884 3756 1010 3818 lumine
1034 3756 1218 3820 illuminati.
1246 3760 1402 3841 expulsis

145 3809 325 3887 perducere
362 3809 518 3891 dignetur
554 3812 597 3874 ad
631 3832 746 3939 *regna
795 3862 814 3904 a
844 3843 998 3906 cordibus
1028 3845 1148 3907 nostris
1183 3856 1400 3926 peccatorum

144 3893 299 3957 celmum·
318 3894 438 3959 Amen·
795 3930 940 3992 tenebris
960 3930 1003 3993 ad
1027 3931 1131 3993 uitam
1154 3940 1188 3994 te
1211 3931 1402 3999 illustrante

521 4070 527 4083 ,
796 4017 967 4097 peruenire
995 4017 1221 4099 mere[a⁸]mur
1246 4028 1401 4086 eternam

361 4066 550 4152 [Conclusio.
611 4070 655 4152 [p.
676 4088 745 4150 142.
792 4104 876 4166 Per!

237 4181 400 4247 [screatur
415 4186 515 4249 uestri
531 4187 743 4268 omnipotens
827 4223 834 4254 1
851 4227 876 4275 A
887 4242 954 4276 eross
965 4227 1047 4276 added
1059 4228 1093 4290 by
1103 4227 1165 4277 later
1176 4224 1255 4277 bandi

248 4271 338 4333 deus.
378 4280 412 4334 et
460 4273 608 4336 dimittat
648 4274 744 4337 uobis
825 4289 993 4342 2n0mitted.

140 4355 256 4449 'omnia
293 4367 430 4438 peccata
472 4369 590 4423 uestra.
629 4359 745 4424 liberet
792 4360 875 4473 wige
885 4357 967 4472 {dgffl
979 4357 1404 4486 fflfflfflfygffifflffim

139 4536 142 4541 ,
209 4470 675 4551 'Thetinaltaddedbylaterhand.
824 4487 978 4538 ⁴chustum
989 4488 1072 4538 added
1084 4488 1118 4551 by
1129 4488 1190 4538 later
1201 4487 1277 4539 hane
1323 4508 1327 4537 1

874 2800 996 2865 Omine
1028 2803 1109 2864 deus
1147 2812 1266 2867 noster.
1306 2815 1402 2888 pater

887 2890 1107 2971 omnipotens.
1145 2889 1257 2953 lumen
1308 2893 1400 2956 inde-

874 2996 920 3038 ns,
954 2976 1107 3039 conditor
1128 2978 1278 3040 omnium
1304 2979 1400 3043 lumi·
